2708 3339
208 405 406 448 historias
448 408 514 448 vel
550 407 746 459 legebant
779 408 848 450 vel
883 407 1108 450 audiebant
1142 409 1207 449 vel
1248 409 1554 460 componebant
2293 451 2298 454 ,

207 473 450 515 scriberent
510 473 644 526 Quid?
682 475 788 525 quod
817 475 906 527 ipse
936 475 1108 524 Plinius,
1147 475 1419 527 quadraginta
1450 475 1534 515 fere
1564 487 1759 516 annorum
1790 474 1960 523 iuvenis
1998 464 2309 530 saeptssnn&'⁴

210 530 367 590 scribit,
397 541 497 591 fore,
528 546 576 582 ut
605 542 771 583 tandem
801 542 1019 592 aliquando
1040 543 1181 593 pingui
1201 543 1271 583 illo
1293 544 1457 591 altoque
1486 543 1568 582 otio
1598 543 1826 583 oblectetur
1855 542 2018 592 soloque
2046 535 2509 599 aeternitatem
2573 530 2586 567 ’-

207 608 380 650 retineri
410 621 454 649 se
484 608 731 650 confitetur?
760 607 829 662 (cf.
852 609 957 661 Epp
980 610 1036 658 ΙΙ,
1072 614 1140 659 14,
1174 610 1229 659 ΙΙ,
1252 613 1323 659 203
1355 609 1425 656 IV,
1460 613 1528 659 233
1561 608 1632 659 IV,
1657 613 1725 659 243
1756 609 1848 657 VII,
1882 613 1954 656 27:
1979 607 2056 658 IX,
2080 612 2122 659 33
2153 605 2321 659 alibi.)
2340 601 2529 669 thgos,
2557 637 2579 652 ,τ

206 674 347 727 igitur,
385 686 491 725 quae
522 675 572 717 de
604 675 783 716 Materni
813 687 976 716 secessu
1007 681 1048 715 et
1078 676 1212 716 studio
1242 675 1425 725 poeticae
1455 676 1657 725 leguntur,
1697 675 1750 715 ad
1786 676 1916 726 ipsum
1944 675 2132 717 Tacitum
2167 675 2334 726 eiusque
2351 666 2547 722 studiiv

206 741 401 781 historica
422 742 629 792 pertinere
659 742 849 815 arbitror,
882 747 928 781 ut
958 742 1144 791 dialogus
1176 743 1235 781 eis
1266 742 1383 781 annis
1414 742 1679 781 ascribendus
1710 743 1774 791 sit,
1808 742 1876 791 qui
1906 753 2107 782 secessum
2129 742 2215 782 eius
2236 754 2258 781 e
2278 737 2548 796 iudicflsflt„

208 808 323 847 curia
352 809 586 849 anteierint.

412 899 601 939 Ceterum
622 898 815 938 facillime
837 898 919 937 alia
940 910 1096 946 quoqne
1118 897 1263 946 omnin,
1296 910 1398 946 quae
1420 897 1607 947 dialogus
1628 897 1805 944 exhibet,
1836 900 1932 947 apte
1963 902 2005 937 et
2034 896 2238 938 commode
2269 897 2309 938 in
2330 885 2502 940 eandem

206 959 391 1006 aetatem
422 964 568 1007 referri
597 969 780 1016 possunt,
813 964 959 1016 quippe
990 976 1070 1014 qua
1101 976 1391 1014 saepenumero
1429 964 1498 1004 illa
1535 969 1575 1004 et
1614 963 1725 1004 libris
1761 968 1803 1003 et
1834 964 2084 1005 sermonibus
2116 967 2296 1005 tractata
2330 975 2420 1006 esse
2449 976 2501 1006 ex
2543 992 2545 994 ψ

209 1029 455 1083 Quintiliani
486 1031 537 1072 de
568 1031 828 1072 institutione
859 1032 1037 1070 oratrnia
1070 1031 1193 1077 libris,
1227 1043 1275 1069 ex
1307 1031 1522 1070 ‚Juvenalis
1553 1032 1715 1079 saturis,
1748 1043 1797 1069 ex
1826 1031 1949 1070 Plinii
1980 1031 2167 1080 epistulis
2197 1031 2408 1071 efficiatur.

413 1121 548 1169 Atque
594 1119 888 1171 Quintilianum
935 1119 1093 1167 quidem
1140 1120 1322 1169 plurimis
1368 1121 1467 1159 locis
1506 1120 1555 1158 de
1602 1120 1752 1158 eisdem
1797 1120 2100 1167 quaestionibus
2149 1124 2272 1169 atque
2313 1113 2499 1160 Tacitum

209 1187 392 1226 iudicare
432 1186 685 1226 notissimum
731 1190 805 1226 est.
873 1187 938 1225 Ita
984 1187 1121 1225 multi>-
1164 1187 1298 1225 ve1·l›is
1340 1186 1516 1235 exponit,
1571 1186 1901 1234 quemadmodum
1954 1186 2092 1236 primis
2137 1187 2347 1227 elementis
2384 1188 2500 1238 pueri

206 1252 414 1293 imbuendi
455 1252 540 1293 sint
569 1253 634 1300 (Ο.
670 1257 702 1292 7.
742 1253 775 1300 Ι,
822 1257 857 1293 1.
889 1253 938 1293 cf.
973 1253 1066 1293 dial
1107 1265 1165 1301 cp.
1202 1257 1252 1292 30
1290 1252 1381 1301 sq.)
1426 1257 1558 1292 utrum
1596 1253 1736 1292 utilius
1773 1252 1879 1292 domi
1915 1264 1966 1291 an
2002 1252 2042 1292 in
2074 1252 2223 1293 scholis
2260 1253 2501 1294 erudiantur

208 1318 261 1371 (1,
293 1331 355 1369 cp
418 1319 554 1361 ‚dial
587 1331 647 1370 cp.
683 1318 766 1371 35),
799 1331 936 1359 erarire
967 1331 1047 1363 eos,
1081 1320 1150 1368 qui
1180 1320 1379 1370 corrumpi
1410 1319 1451 1359 in
1482 1320 1629 1359 scholis
1660 1331 1791 1359 moles
1821 1322 1965 1369 putent
1994 1319 2044 1371 (I,
2080 1324 2115 1368 2,
2149 1322 2186 1360 4.
2218 1319 2312 1359 dial.
2344 1324 2407 1369 35,
2442 1319 2497 1371 5),

168 1391 181 1402 ·
207 1387 367 1435 quando
404 1386 557 1426 rhetori
594 1386 784 1435 discipuli
822 1386 1013 1426 tradendi
1058 1386 1140 1425 sint
1183 1387 1258 1436 (ΙΙ,
1300 1390 1351 1433 1),
1398 1387 1538 1434 quales
1577 1399 1664 1425 esse
1702 1386 1878 1426 debeant
1915 1390 2220 1435 praeceptolum
2258 1398 2387 1426 mores
2423 1386 2497 1434 (ΙΙ,

210 1458 245 1494 1.
282 1453 376 1494 dial.
411 1458 476 1502 35,
509 1452 564 1506 8),
612 1453 679 1503 qui
717 1453 966 1494 Graecorum
1006 1459 1048 1493 et
1084 1454 1354 1493 Ix‘omanorum
1400 1453 1638 1503 scriptorum
1686 1453 1858 1493 maxime
1904 1453 2062 1503 legendi
2106 1453 2370 1502 imitandique
2415 1455 2500 1494 sint

205 1521 277 1571 (X,
311 1534 372 1571 cp.
410 1526 427 1560 1
461 1525 503 1560 et
534 1525 571 1569 2,
605 1522 656 1561 cf.
688 1522 789 1570 Apri
821 1524 863 1560 et
892 1521 1109 1560 Messallae
1142 1524 1383 1563 sermones-n
1417 1521 1575 1569 qualem
1606 1521 1799 1560 vestitum
1831 1520 2004 1561 oratoris
2036 1533 2125 1561 esse
2155 1520 2302 1561 deceat
2331 1521 2425 1573 (XI,
2459 1527 2495 1569 3,

210 1590 442 1634 137—144,
481 1586 528 1627 cf.
563 1587 657 1627 dial.
693 1592 757 1635 13¹³,
800 1591 818 1626 1
858 1586 947 1636 sq).
1008 1587 1070 1626 Eo
1103 1586 1186 1626 loco
1218 1586 1387 1625 Tacitus
1418 1586 1620 1625 ausislicos
1650 1587 1869 1636 vituperat,
1906 1586 2012 1636 quod
2048 1587 2217 1627 multum
2253 1587 2497 1628 humilitatis

207 1654 465 1704 eloquentiae
506 1654 723 1694 attulerint
758 1654 956 1703 paenulae
993 1653 1108 1694 istae.
1147 1653 1292 1701 quibus
1329 1653 1515 1692 adstricti
1554 1659 1594 1692 et
1634 1653 1746 1692 velut
1783 1652 1929 1693 inclusi
1967 1665 2055 1693 cum
2086 1653 2287 1693 iudicibus
2318 1653 2495 1694 fabulari

206 1720 452 1762 consuerint.
514 1721 718 1761 Mirantur
748 1720 935 1768 editores,
976 1722 1042 1766 (ct'.
1078 1720 1210 1759 Taciti
1241 1732 1362 1770 opera
1395 1720 1442 1759 ed
1475 1719 1705 1760 Gronovius
1739 1719 1792 1767 ΙΙ,
1831 1731 1896 1769 pg.
1930 1724 2009 1759 556
2047 1724 2088 1760 et
2117 1721 2414 1761 Andresenium
2453 1726 2498 1761 et

161 1833 164 1836 Δ
204 1789 400 1828 Peternm
431 1789 484 1827 ad
515 1789 642 1827 locum
673 1788 900 1832 laudatum)
932 1788 1037 1835 quod
1059 1787 1242 1836 paenulis
1274 1787 1340 1825 ille
1362 1791 1543 1826 oratores
1565 1787 1673 1836 apud
1694 1787 1845 1825 iudices
1866 1787 2030 1827 indutos
2052 1788 2177 1827 verba
2199 1787 2343 1827 fecisse
2365 1788 2492 1837 dicat,

205 1865 294 1894 cum
325 1857 368 1894 et
389 1854 544 1894 Seneca
574 1855 713 1893 rhetor
736 1858 778 1892 et
798 1853 955 1892 Seneca
986 1853 1247 1902 philosophus
1277 1857 1318 1891 et
1340 1852 1615 1902 Quintilianus
1645 1853 1687 1897 (l.
1712 1852 1757 1902 l.)
1788 1857 1884 1902 toga
1914 1865 1981 1892 eos
2012 1853 2179 1892 amictos
2211 1853 2334 1893 fuisse
2365 1854 2492 1894 tradi-

209 1920 356 1962 derint.
419 1920 476 1961 Et
520 1931 760 1970 quamquam
806 1933 856 1959 ex
900 1921 975 1959 hoc
1020 1920 1273 1967 intellegitur
1309 1919 1510 1958 interdum
1550 1919 1711 1968 palliola
1748 1931 1903 1968 quoque
1940 1924 1982 1959 et
2019 1919 2167 1960 fascias
2204 1924 2246 1959 et
2275 1920 2421 1961 focalia
2452 1925 2497 1960 et

207 1988 367 2029 aurium
397 1988 622 2038 ligamenta
653 1987 735 2028 illis
770 1992 938 2038 propter
968 1987 1240 2027 valetudinem
1273 1987 1363 2026 usui
1395 1986 1532 2029 fuisse.
1580 1992 1714 2042 tamen
1761 1998 1955 2035 nusquam
1993 1986 2189 2036 paenulis,
2236 1987 2380 2037 quibus
2415 1988 2495 2029 nisi

201 2055 246 2096 in
276 2055 493 2096 itineribus
523 2067 602 2096 non
633 2067 799 2106 corpora
831 2054 1002 2095 Romani
1034 2055 1240 2106 tegebant,
1281 2053 1431 2094 irretiti
1461 2054 1585 2094 fuisse
1617 2053 1816 2094 dicuntur.
1879 2053 2171 2105 Quintilianum
2209 2066 2305 2094 vero
2343 2054 2420 2095 fori
2451 2059 2495 2095 et

201 2122 442 2164 iudiciorum
473 2122 803 2163 consuetudinem
836 2126 877 2161 et
908 2122 1060 2162 cultum
1092 2133 1209 2161 nosse
1242 2122 1333 2161 inde
1356 2134 1380 2160 a
1402 2121 1654 2170 Vespasiano
1676 2133 1802 2170 usque
1823 2120 1874 2160 ad
1895 2120 2169 2161 Domitianum
2191 2121 2492 2171 apertissimum

199 2193 278 2231 est.
309 2189 380 2242 (of.
412 2189 489 2238 XI,
522 2201 585 2240 cp.
619 2189 675 2241 3.)
734 2189 813 2229 Sed
846 2189 1042 2238 paenulas
1074 2188 1221 2236 omisit,
1261 2188 1355 2237 quia
1392 2188 1450 2227 eis
1488 2189 1737 2238 temporibus
1776 2191 1958 2227 oratores
1996 2188 2103 2237 apud
2140 2187 2293 2228 iudices
2323 2193 2494 2237 agentes

199 2268 280 2297 non
310 2256 393 2298 illis
422 2257 657 2296 utebantur.
719 2257 869 2295 Contra
900 2255 1106 2295 Iuvenalis
1138 2268 1212 2295 sua
1241 2260 1379 2294 aetate
1410 2262 1606 2304 magnam
1629 2255 1735 2294 inter
1765 2254 1966 2294 Romanos
2005 2253 2182 2294 vestitus
2213 2254 2519 2296 diversitatem·-

199 2322 329 2364 fuisse
359 2322 514 2371 scribit,
546 2326 593 2363 ut
622 2327 798 2373 apparet
829 2335 879 2363 ex
909 2322 972 2362 his
1003 2322 1139 2362 verbis
1171 2322 1255 2362 Sat.
1289 2321 1364 2369 ΙΠ,
1400 2327 1477 2362 lot)
1509 2333 1587 2370 sq.:

673 2413 777 2453 Pars
808 2424 957 2461 magna
988 2411 1134 2451 Italiae
1166 2416 1240 2458 est,
1274 2412 1307 2451 si
1339 2423 1477 2451 verum
1508 2407 1774 2457 admittimus
1806 2409 1845 2449 in
1878 2421 1957 2458 qua

672 2480 798 2520 Nemo
830 2484 964 2529 togam
996 2477 1132 2525 sumit,
1166 2478 1243 2517 nisi
1275 2482 1468 2518 mortuus,
1530 2477 1626 2527 lpsa
1656 2476 1808 2516 dierum

672 2547 886 2587 Festorum
921 2547 1091 2585 herboso
1123 2545 1269 2584 colitur
1301 2545 1333 2584 si
1364 2544 1524 2593 qnando
1555 2545 1718 2583 theatro

671 2613 879 2660 Maiestas,
912 2612 1153 2669 tandemque
1188 2612 1300 2651 venit
1332 2612 1383 2650 ad
1414 2611 1571 2661 pulpita
1601 2615 1737 2650 notum

670 2679 882 2727 Exodium,
917 2691 1005 2718 cum
1037 2690 1235 2728 personae
1266 2678 1458 2727 pallentis
1490 2677 1641 2717 hiatum

670 2747 719 2787 In
749 2746 901 2796 gremio
932 2746 1076 2785 matris
1105 2745 1298 2784 formidat
1328 2745 1505 2784 rusticus
1536 2744 1688 2784 infans:

668 2813 874 2864 Aequales
905 2800 1068 2854 habitus
1100 2812 1184 2853 illic
1215 2812 1445 2862 similesque
1476 2811 1633 2852 videbis

670 2881 932 2923 orchestram
965 2883 1006 2919 et
1037 2881 1238 2930 populum,
1272 2880 1371 2920 clari
1402 2880 1587 2919 velamen
1620 2879 1783 2919 honoris

671 2948 891 2991 Sufficiunt
921 2948 1084 2988 tunicae
1115 2948 1280 2987 summis
1310 2947 1511 2987 aedilibus
1541 2948 1670 2987 albae.

669 3015 750 3058 Hic
779 3015 967 3064 (Romae)
998 3014 1108 3056 ultra
1139 3014 1248 3054 vires
1279 3014 1442 3056 habitus
1473 3014 1592 3064 nitor,
1625 3014 1690 3055 hic
1719 3013 1872 3064 aliquid
1902 3013 1992 3065 plus
