<?xml version="1.0" encoding="UTF-8"?>
<!DOCTYPE html PUBLIC "-//W3C//DTD XHTML 1.0 Transitional//EN"
    "http://www.w3.org/TR/xhtml1/DTD/xhtml1-transitional.dtd">
<html xmlns="http://www.w3.org/1999/xhtml" xml:lang="en" lang="en">
 <head>
  <title>
</title>
<meta http-equiv="Content-Type" content="text/html;charset=utf-8" />
  <meta name='ocr-system' content='tesseract 3.04.00' />
  <meta name='ocr-capabilities' content='ocr_page ocr_carea ocr_par ocr_line ocrx_word'/>
</head>
<body>
  <div class='ocr_page' id='page_1' title='image "4764110_0011.png"; bbox 0 0 2708 3339; ppageno 0'>
   <div class='ocr_carea' id='block_1_1' title="bbox 0 0 254 145">
    <p class='ocr_par' dir='ltr' id='par_1_1' title="bbox 0 0 254 145">
     <span class='ocr_line' id='line_1_1' title="bbox 0 0 254 145; baseline 0 3194"><span class='ocrx_word' id='word_1_1' title='bbox 0 0 254 145; x_wconf 95' lang='lat' dir='ltr'><strong> </strong></span> 
     </span>
    </p>
   </div>
   <div class='ocr_carea' id='block_1_2' title="bbox 0 3175 325 3339">
    <p class='ocr_par' dir='ltr' id='par_1_2' title="bbox 0 3175 325 3339">
     <span class='ocr_line' id='line_1_2' title="bbox 0 3175 325 3339; baseline 0 0"><span class='ocrx_word' id='word_1_2' title='bbox 0 3175 325 3339; x_wconf 95' lang='lat' dir='ltr'><strong> </strong></span> 
     </span>
    </p>
   </div>
   <div class='ocr_carea' id='block_1_3' title="bbox 1248 31 1335 104">
    <p class='ocr_par' dir='ltr' id='par_1_3' title="bbox 1248 31 1335 104">
     <span class='ocr_line' id='line_1_3' title="bbox 1248 31 1335 104; baseline 0 -70"><span class='ocrx_word' id='word_1_3' title='bbox 1248 31 1335 104; x_wconf 57' lang='lat' dir='ltr'><strong>„V</strong></span> 
     </span>
    </p>
   </div>
   <div class='ocr_carea' id='block_1_4' title="bbox 0 168 2639 319">
    <p class='ocr_par' dir='ltr' id='par_1_4' title="bbox 0 168 2639 319">
     <span class='ocr_line' id='line_1_4' title="bbox 3 168 2639 254; baseline 0 -17"><span class='ocrx_word' id='word_1_4' title='bbox 3 180 96 252; x_wconf 99' lang='grc' dir='ltr'><em>ρ</em></span> <span class='ocrx_word' id='word_1_5' title='bbox 125 168 549 254; x_wconf 51' lang='lat' dir='ltr'><strong>1⁴⁷6pist1namsl&gt;linii</strong></span> <span class='ocrx_word' id='word_1_6' title='bbox 576 197 779 247; x_wconf 78' lang='lat' dir='ltr'><strong>quadrare</strong></span> <span class='ocrx_word' id='word_1_7' title='bbox 807 201 951 248; x_wconf 86' lang='lat' dir='ltr'><strong>postea</strong></span> <span class='ocrx_word' id='word_1_8' title='bbox 980 197 1216 238; x_wconf 88' lang='lat' dir='ltr'><strong>videbimus.</strong></span> <span class='ocrx_word' id='word_1_9' title='bbox 1273 197 1521 248; x_wconf 84' lang='lat' dir='ltr'><strong>Repugnant</strong></span> <span class='ocrx_word' id='word_1_10' title='bbox 1555 198 1661 238; x_wconf 91' lang='lat' dir='ltr'><strong>enim</strong></span> <span class='ocrx_word' id='word_1_11' title='bbox 1690 197 1945 248; x_wconf 79' lang='lat' dir='ltr'>opinionibus</span> <span class='ocrx_word' id='word_1_12' title='bbox 1974 197 2187 247; x_wconf 88' lang='lat' dir='ltr'><strong>Plinianis,</strong></span> <span class='ocrx_word' id='word_1_13' title='bbox 2222 209 2328 249; x_wconf 88' lang='lat' dir='ltr'><strong>quae</strong></span> <span class='ocrx_word' id='word_1_14' title='bbox 2355 196 2453 239; x_wconf 83' lang='lat' dir='ltr'><strong>dial.</strong></span> <span class='ocrx_word' id='word_1_15' title='bbox 2507 193 2523 197; x_wconf 77' lang='grc'>”</span> <span class='ocrx_word' id='word_1_16' title='bbox 2544 196 2554 204; x_wconf 85' lang='grc'><em>“</em></span> <span class='ocrx_word' id='word_1_17' title='bbox 2623 187 2639 237; x_wconf 56' lang='grc' dir='ltr'><strong>ἶ</strong></span> 
     </span>
     <span class='ocr_line' id='line_1_5' title="bbox 0 260 2491 319; baseline 0.002 -16"><span class='ocrx_word' id='word_1_18' title='bbox 0 260 2 262; x_wconf 75' lang='grc'>’</span> <span class='ocrx_word' id='word_1_19' title='bbox 33 275 53 299; x_wconf 67' lang='lat' dir='ltr'><em>x</em></span> <span class='ocrx_word' id='word_1_20' title='bbox 160 264 244 319; x_wconf 54' lang='lat' dir='ltr'><strong>ep.</strong></span> <span class='ocrx_word' id='word_1_21' title='bbox 273 270 325 308; x_wconf 75' lang='lat'><strong>19</strong></span> <span class='ocrx_word' id='word_1_22' title='bbox 360 274 435 315; x_wconf 83' lang='lat' dir='ltr'><strong>sq.¹</strong></span> <span class='ocrx_word' id='word_1_23' title='bbox 467 264 520 305; x_wconf 84' lang='lat' dir='ltr'><strong>ab</strong></span> <span class='ocrx_word' id='word_1_24' title='bbox 558 264 669 315; x_wconf 90' lang='lat' dir='ltr'><strong>Apro</strong></span> <span class='ocrx_word' id='word_1_25' title='bbox 709 263 751 305; x_wconf 90' lang='lat' dir='ltr'><strong>in</strong></span> <span class='ocrx_word' id='word_1_26' title='bbox 791 263 952 305; x_wconf 86' lang='lat' dir='ltr'><strong>nimiam</strong></span> <span class='ocrx_word' id='word_1_27' title='bbox 990 264 1245 314; x_wconf 86' lang='lat' dir='ltr'><strong>antiquorum</strong></span> <span class='ocrx_word' id='word_1_28' title='bbox 1281 263 1588 318; x_wconf 80' lang='lat' dir='ltr'><strong>admirationem</strong></span> <span class='ocrx_word' id='word_1_29' title='bbox 1621 268 1666 305; x_wconf 88' lang='lat' dir='ltr'><strong>et</strong></span> <span class='ocrx_word' id='word_1_30' title='bbox 1699 263 1967 310; x_wconf 82' lang='lat' dir='ltr'><strong>imitationem</strong></span> <span class='ocrx_word' id='word_1_31' title='bbox 2001 262 2201 306; x_wconf 80' lang='lat' dir='ltr'><strong>dicantur.</strong></span> <span class='ocrx_word' id='word_1_32' title='bbox 2267 262 2369 305; x_wconf 90' lang='lat' dir='ltr'><strong>Inde</strong></span> <span class='ocrx_word' id='word_1_33' title='bbox 2402 263 2455 307; x_wconf 69' lang='lat' dir='ltr'><strong>ab</strong></span> <span class='ocrx_word' id='word_1_34' title='bbox 2484 265 2491 268; x_wconf 83' lang='grc'><em>“</em></span> 
     </span>
    </p>
   </div>
   <div class='ocr_carea' id='block_1_5' title="bbox 176 328 2457 451">
    <p class='ocr_par' dir='ltr' id='par_1_5' title="bbox 176 328 2457 451">
     <span class='ocr_line' id='line_1_6' title="bbox 176 328 2456 393; baseline -0.001 -18"><span class='ocrx_word' id='word_1_35' title='bbox 176 333 263 375; x_wconf 81' lang='lat' dir='ltr'><strong>divi</strong></span> <span class='ocrx_word' id='word_1_36' title='bbox 279 330 458 383; x_wconf 85' lang='lat' dir='ltr'>Augusti</span> <span class='ocrx_word' id='word_1_37' title='bbox 486 330 734 392; x_wconf 74' lang='lat' dir='ltr'>temporibus</span> <span class='ocrx_word' id='word_1_38' title='bbox 763 343 835 372; x_wconf 89' lang='lat' dir='ltr'><strong>suo</strong></span> <span class='ocrx_word' id='word_1_39' title='bbox 872 330 961 371; x_wconf 90' lang='lat' dir='ltr'><strong>iure</strong></span> <span class='ocrx_word' id='word_1_40' title='bbox 991 331 1044 371; x_wconf 89' lang='lat' dir='ltr'><strong>ab</strong></span> <span class='ocrx_word' id='word_1_41' title='bbox 1073 330 1142 371; x_wconf 92' lang='lat' dir='ltr'><strong>illo</strong></span> <span class='ocrx_word' id='word_1_42' title='bbox 1163 333 1305 372; x_wconf 88' lang='lat' dir='ltr'><strong>vetere</strong></span> <span class='ocrx_word' id='word_1_43' title='bbox 1334 334 1456 380; x_wconf 87' lang='lat' dir='ltr'><strong>atque</strong></span> <span class='ocrx_word' id='word_1_44' title='bbox 1486 330 1643 373; x_wconf 87' lang='lat' dir='ltr'><strong>directa</strong></span> <span class='ocrx_word' id='word_1_45' title='bbox 1661 332 1729 372; x_wconf 86' lang='lat' dir='ltr'><strong>via</strong></span> <span class='ocrx_word' id='word_1_46' title='bbox 1758 330 1918 373; x_wconf 87' lang='lat' dir='ltr'><strong>dicendi</strong></span> <span class='ocrx_word' id='word_1_47' title='bbox 1947 328 2131 373; x_wconf 67' lang='lat' dir='ltr'><strong>oratores</strong></span> <span class='ocrx_word' id='word_1_48' title='bbox 2156 329 2334 380; x_wconf 78' lang='lat' dir='ltr'><strong>flexIsse,</strong></span> <span class='ocrx_word' id='word_1_49' title='bbox 2364 341 2456 393; x_wconf 83' lang='lat' dir='ltr'><strong>cum</strong></span> 
     </span>
     <span class='ocr_line' id='line_1_7' title="bbox 176 396 2457 451; baseline -0.002 -9"><span class='ocrx_word' id='word_1_50' title='bbox 176 398 458 451; x_wconf 87' lang='lat' dir='ltr'><strong>intelligerent</strong></span> <span class='ocrx_word' id='word_1_51' title='bbox 501 409 590 439; x_wconf 85' lang='lat' dir='ltr'><strong>cum</strong></span> <span class='ocrx_word' id='word_1_52' title='bbox 634 397 869 439; x_wconf 84' lang='lat' dir='ltr'><strong>condicione</strong></span> <span class='ocrx_word' id='word_1_53' title='bbox 916 401 1139 448; x_wconf 88' lang='lat' dir='ltr'><strong>temporum</strong></span> <span class='ocrx_word' id='word_1_54' title='bbox 1181 400 1225 439; x_wconf 91' lang='lat' dir='ltr'><strong>et</strong></span> <span class='ocrx_word' id='word_1_55' title='bbox 1262 397 1505 439; x_wconf 83' lang='lat' dir='ltr'><strong>diversitate</strong></span> <span class='ocrx_word' id='word_1_56' title='bbox 1548 397 1703 442; x_wconf 86' lang='lat' dir='ltr'><strong>aurium</strong></span> <span class='ocrx_word' id='word_1_57' title='bbox 1745 397 1916 441; x_wconf 86' lang='lat' dir='ltr'><strong>formam</strong></span> <span class='ocrx_word' id='word_1_58' title='bbox 1971 409 2129 451; x_wconf 88' lang='lat' dir='ltr'><strong>quoque</strong></span> <span class='ocrx_word' id='word_1_59' title='bbox 2179 408 2229 439; x_wconf 86' lang='grc'><strong>00</strong></span> <span class='ocrx_word' id='word_1_60' title='bbox 2278 396 2457 450; x_wconf 83' lang='lat' dir='ltr'><strong>speciem</strong></span> 
     </span>
    </p>
   </div>
   <div class='ocr_carea' id='block_1_6' title="bbox 14 458 2456 527">
    <p class='ocr_par' dir='ltr' id='par_1_6' title="bbox 14 458 2456 527">
     <span class='ocr_line' id='line_1_8' title="bbox 14 458 2456 527; baseline -0.002 -17"><span class='ocrx_word' id='word_1_61' title='bbox 14 516 20 527; x_wconf 32' lang='grc' dir='ltr'><em>Γ</em></span> <span class='ocrx_word' id='word_1_62' title='bbox 99 507 105 512; x_wconf 82' lang='grc'><strong>,</strong></span> <span class='ocrx_word' id='word_1_63' title='bbox 175 465 373 509; x_wconf 86' lang='lat' dir='ltr'><strong>orationis</strong></span> <span class='ocrx_word' id='word_1_64' title='bbox 401 477 493 506; x_wconf 92' lang='lat' dir='ltr'><strong>esse</strong></span> <span class='ocrx_word' id='word_1_65' title='bbox 521 465 767 506; x_wconf 80' lang='lat' dir='ltr'><strong>mutandam.</strong></span> <span class='ocrx_word' id='word_1_66' title='bbox 826 465 914 506; x_wconf 89' lang='lat' dir='ltr'><strong>Non</strong></span> <span class='ocrx_word' id='word_1_67' title='bbox 944 465 1024 505; x_wconf 88' lang='lat' dir='ltr'><strong>iam</strong></span> <span class='ocrx_word' id='word_1_68' title='bbox 1053 464 1225 516; x_wconf 73' lang='lat' dir='ltr'><strong>perferri</strong></span> <span class='ocrx_word' id='word_1_69' title='bbox 1255 465 1481 505; x_wconf 87' lang='lat' dir='ltr'><strong>orationum</strong></span> <span class='ocrx_word' id='word_1_70' title='bbox 1511 465 1645 516; x_wconf 86' lang='lat' dir='ltr'><strong>spatia</strong></span> <span class='ocrx_word' id='word_1_71' title='bbox 1686 477 1815 516; x_wconf 86' lang='lat' dir='ltr'><strong>neque</strong></span> <span class='ocrx_word' id='word_1_72' title='bbox 1858 467 2098 520; x_wconf 78' lang='lat' dir='ltr'><strong>quemquam</strong></span> <span class='ocrx_word' id='word_1_73' title='bbox 2134 464 2249 527; x_wconf 62' lang='grc'><strong>1110111</strong></span> <span class='ocrx_word' id='word_1_74' title='bbox 2278 458 2456 506; x_wconf 83' lang='lat' dir='ltr'><strong>eximere</strong></span> 
     </span>
    </p>
   </div>
   <div class='ocr_carea' id='block_1_7' title="bbox 175 524 2459 1186">
    <p class='ocr_par' dir='ltr' id='par_1_7' title="bbox 175 524 2459 1186">
     <span class='ocr_line' id='line_1_9' title="bbox 177 524 2455 586; baseline -0.001 -11"><span class='ocrx_word' id='word_1_75' title='bbox 177 545 296 586; x_wconf 90' lang='lat' dir='ltr'><strong>posse</strong></span> <span class='ocrx_word' id='word_1_76' title='bbox 333 532 516 574; x_wconf 86' lang='lat' dir='ltr'><strong>dicendo.</strong></span> <span class='ocrx_word' id='word_1_77' title='bbox 574 534 633 573; x_wconf 91' lang='lat' dir='ltr'><strong>At</strong></span> <span class='ocrx_word' id='word_1_78' title='bbox 666 532 823 573; x_wconf 88' lang='lat' dir='ltr'><strong>Plinius</strong></span> <span class='ocrx_word' id='word_1_79' title='bbox 858 533 1100 573; x_wconf 79' lang='lat' dir='ltr'>laudaverat</span> <span class='ocrx_word' id='word_1_80' title='bbox 1127 532 1316 581; x_wconf 85' lang='lat' dir='ltr'><strong>Tullium,</strong></span> <span class='ocrx_word' id='word_1_81' title='bbox 1351 532 1456 582; x_wconf 89' lang='lat' dir='ltr'><strong>quod</strong></span> <span class='ocrx_word' id='word_1_82' title='bbox 1485 545 1558 583; x_wconf 91' lang='lat' dir='ltr'><strong>pro</strong></span> <span class='ocrx_word' id='word_1_83' title='bbox 1588 533 1629 573; x_wconf 90' lang='lat' dir='ltr'><strong>C.</strong></span> <span class='ocrx_word' id='word_1_84' title='bbox 1662 533 1845 574; x_wconf 89' lang='lat' dir='ltr'><strong>Cornelio</strong></span> <span class='ocrx_word' id='word_1_85' title='bbox 1879 532 2104 584; x_wconf 73' lang='lat' dir='ltr'>quadriduo</span> <span class='ocrx_word' id='word_1_86' title='bbox 2127 524 2297 584; x_wconf 52' lang='lat' dir='ltr'><strong>&#39;egisset</strong></span> <span class='ocrx_word' id='word_1_87' title='bbox 2325 529 2369 586; x_wconf 68' lang='grc' dir='ltr'><strong>(ξ</strong></span> <span class='ocrx_word' id='word_1_88' title='bbox 2399 534 2455 581; x_wconf 89' lang='lat'><strong>8).</strong></span> 
     </span>
     <span class='ocr_line' id='line_1_10' title="bbox 177 598 2457 654; baseline -0.001 -12"><span class='ocrx_word' id='word_1_89' title='bbox 177 601 306 654; x_wconf 83' lang='lat' dir='ltr'><strong>Quem</strong></span> <span class='ocrx_word' id='word_1_90' title='bbox 344 600 521 640; x_wconf 89' lang='lat' dir='ltr'><strong>laturum</strong></span> <span class='ocrx_word' id='word_1_91' title='bbox 556 602 759 641; x_wconf 89' lang='lat' dir='ltr'><strong>oratorem</strong></span> <span class='ocrx_word' id='word_1_92' title='bbox 797 599 848 640; x_wconf 92' lang='lat' dir='ltr'><strong>de</strong></span> <span class='ocrx_word' id='word_1_93' title='bbox 877 598 1115 640; x_wconf 87' lang='lat' dir='ltr'><strong>infirmitate</strong></span> <span class='ocrx_word' id='word_1_94' title='bbox 1143 599 1380 640; x_wconf 85' lang='lat' dir='ltr'><strong>valitudinis</strong></span> <span class='ocrx_word' id='word_1_95' title='bbox 1409 598 1675 650; x_wconf 80' lang='lat' dir='ltr'><strong>praefantem,</strong></span> <span class='ocrx_word' id='word_1_96' title='bbox 1713 611 1831 650; x_wconf 91' lang='lat' dir='ltr'><strong>quem</strong></span> <span class='ocrx_word' id='word_1_97' title='bbox 1860 599 2035 651; x_wconf 86' lang='lat' dir='ltr'><strong>quinque</strong></span> <span class='ocrx_word' id='word_1_98' title='bbox 2063 599 2104 647; x_wconf 83' lang='lat' dir='ltr'><strong>in</strong></span> <span class='ocrx_word' id='word_1_99' title='bbox 2135 600 2304 641; x_wconf 82' lang='lat' dir='ltr'><strong>Verrem</strong></span> <span class='ocrx_word' id='word_1_100' title='bbox 2332 598 2457 643; x_wconf 84' lang='lat' dir='ltr'><strong>libros</strong></span> 
     </span>
     <span class='ocr_line' id='line_1_11' title="bbox 176 665 2458 723; baseline -0.001 -15"><span class='ocrx_word' id='word_1_101' title='bbox 176 666 534 723; x_wconf 79' lang='lat' dir='ltr'><strong>exspectaturum?</strong></span> <span class='ocrx_word' id='word_1_102' title='bbox 598 667 685 707; x_wconf 85' lang='lat' dir='ltr'><strong>Nec</strong></span> <span class='ocrx_word' id='word_1_103' title='bbox 721 666 853 707; x_wconf 91' lang='lat' dir='ltr'><strong>minus</strong></span> <span class='ocrx_word' id='word_1_104' title='bbox 887 666 1045 707; x_wconf 89' lang='lat' dir='ltr'>Plinius</span> <span class='ocrx_word' id='word_1_105' title='bbox 1080 667 1131 706; x_wconf 90' lang='lat' dir='ltr'><strong>ab</strong></span> <span class='ocrx_word' id='word_1_106' title='bbox 1162 667 1274 716; x_wconf 90' lang='lat' dir='ltr'><strong>Apro</strong></span> <span class='ocrx_word' id='word_1_107' title='bbox 1310 665 1457 716; x_wconf 88' lang='lat' dir='ltr'><strong>differt,</strong></span> <span class='ocrx_word' id='word_1_108' title='bbox 1504 666 1609 716; x_wconf 93' lang='lat' dir='ltr'><strong>quod</strong></span> <span class='ocrx_word' id='word_1_109' title='bbox 1653 666 1954 707; x_wconf 75' lang='lat' dir='ltr'><strong>Ciceronianam</strong></span> <span class='ocrx_word' id='word_1_110' title='bbox 1989 666 2189 717; x_wconf 84' lang='lat' dir='ltr'><strong>quandam</strong></span> <span class='ocrx_word' id='word_1_111' title='bbox 2224 665 2380 718; x_wconf 87' lang='lat' dir='ltr'><strong>copiam</strong></span> <span class='ocrx_word' id='word_1_112' title='bbox 2415 668 2458 706; x_wconf 88' lang='grc'><strong>01</strong></span> 
     </span>
     <span class='ocr_line' id='line_1_12' title="bbox 177 732 2458 785; baseline -0.001 -11"><span class='ocrx_word' id='word_1_113' title='bbox 177 732 483 784; x_wconf 87' lang='lat' dir='ltr'><strong>amplitudinem</strong></span> <span class='ocrx_word' id='word_1_114' title='bbox 518 733 714 774; x_wconf 88' lang='lat' dir='ltr'><strong>orationis</strong></span> <span class='ocrx_word' id='word_1_115' title='bbox 750 736 792 773; x_wconf 90' lang='lat' dir='ltr'><strong>et</strong></span> <span class='ocrx_word' id='word_1_116' title='bbox 826 733 977 784; x_wconf 85' lang='lat' dir='ltr'><strong>figuras</strong></span> <span class='ocrx_word' id='word_1_117' title='bbox 1013 733 1308 783; x_wconf 80' lang='lat' dir='ltr'><strong>extemporales</strong></span> <span class='ocrx_word' id='word_1_118' title='bbox 1344 733 1549 773; x_wconf 79' lang='lat' dir='ltr'><strong>rhetorum</strong></span> <span class='ocrx_word' id='word_1_119' title='bbox 1586 734 1813 785; x_wconf 81' lang='lat' dir='ltr'><strong>praeceptis</strong></span> <span class='ocrx_word' id='word_1_120' title='bbox 1848 737 2026 774; x_wconf 87' lang='lat' dir='ltr'><strong>structas</strong></span> <span class='ocrx_word' id='word_1_121' title='bbox 2062 734 2202 785; x_wconf 84' lang='lat' dir='ltr'><strong>exigit,</strong></span> <span class='ocrx_word' id='word_1_122' title='bbox 2250 733 2317 775; x_wconf 89' lang='lat' dir='ltr'><strong>hic</strong></span> <span class='ocrx_word' id='word_1_123' title='bbox 2351 743 2458 774; x_wconf 80' lang='lat' dir='ltr'><strong>nova</strong></span> 
     </span>
     <span class='ocr_line' id='line_1_13' title="bbox 177 799 2458 851; baseline 0 -11"><span class='ocrx_word' id='word_1_124' title='bbox 177 800 332 841; x_wconf 89' lang='lat' dir='ltr'><strong>oratori</strong></span> <span class='ocrx_word' id='word_1_125' title='bbox 369 804 411 840; x_wconf 89' lang='lat' dir='ltr'><strong>et</strong></span> <span class='ocrx_word' id='word_1_126' title='bbox 447 799 651 849; x_wconf 87' lang='lat' dir='ltr'><strong>exquisita</strong></span> <span class='ocrx_word' id='word_1_127' title='bbox 686 799 836 840; x_wconf 86' lang='lat' dir='ltr'><strong>itinera</strong></span> <span class='ocrx_word' id='word_1_128' title='bbox 871 799 1135 850; x_wconf 86' lang='lat' dir='ltr'><strong>ingredienda</strong></span> <span class='ocrx_word' id='word_1_129' title='bbox 1164 799 1353 850; x_wconf 83' lang='lat' dir='ltr'><strong>opinatur</strong></span> <span class='ocrx_word' id='word_1_130' title='bbox 1389 804 1432 840; x_wconf 92' lang='lat' dir='ltr'><strong>et</strong></span> <span class='ocrx_word' id='word_1_131' title='bbox 1461 800 1610 841; x_wconf 88' lang='lat' dir='ltr'><strong>cultum</strong></span> <span class='ocrx_word' id='word_1_132' title='bbox 1642 800 1886 850; x_wconf 89' lang='lat' dir='ltr'><strong>exquisitum</strong></span> <span class='ocrx_word' id='word_1_133' title='bbox 1916 805 1959 841; x_wconf 91' lang='lat' dir='ltr'><strong>et</strong></span> <span class='ocrx_word' id='word_1_134' title='bbox 1988 800 2188 851; x_wconf 86' lang='lat' dir='ltr'><strong>poeticum</strong></span> <span class='ocrx_word' id='word_1_135' title='bbox 2217 804 2260 841; x_wconf 92' lang='lat' dir='ltr'><strong>et</strong></span> <span class='ocrx_word' id='word_1_136' title='bbox 2287 802 2458 851; x_wconf 81' lang='lat' dir='ltr'><strong>argutas</strong></span> 
     </span>
     <span class='ocr_line' id='line_1_14' title="bbox 176 866 2458 917; baseline -0.001 -9"><span class='ocrx_word' id='word_1_137' title='bbox 176 872 219 908; x_wconf 91' lang='lat' dir='ltr'><strong>et</strong></span> <span class='ocrx_word' id='word_1_138' title='bbox 246 867 390 908; x_wconf 88' lang='lat' dir='ltr'><strong>breves</strong></span> <span class='ocrx_word' id='word_1_139' title='bbox 421 866 646 908; x_wconf 86' lang='lat' dir='ltr'><strong>sententias</strong></span> <span class='ocrx_word' id='word_1_140' title='bbox 675 866 857 917; x_wconf 89' lang='lat' dir='ltr'><strong>requirit.</strong></span> <span class='ocrx_word' id='word_1_141' title='bbox 918 866 998 908; x_wconf 85' lang='lat' dir='ltr'><strong>Sed</strong></span> <span class='ocrx_word' id='word_1_142' title='bbox 1026 877 1265 916; x_wconf 88' lang='lat' dir='ltr'><strong>quamquam</strong></span> <span class='ocrx_word' id='word_1_143' title='bbox 1301 866 1350 906; x_wconf 91' lang='lat' dir='ltr'><strong>de</strong></span> <span class='ocrx_word' id='word_1_144' title='bbox 1380 866 1447 906; x_wconf 89' lang='lat' dir='ltr'><strong>via</strong></span> <span class='ocrx_word' id='word_1_145' title='bbox 1477 870 1520 906; x_wconf 90' lang='lat' dir='ltr'><strong>et</strong></span> <span class='ocrx_word' id='word_1_146' title='bbox 1556 867 1713 907; x_wconf 89' lang='lat' dir='ltr'><strong>ratione</strong></span> <span class='ocrx_word' id='word_1_147' title='bbox 1743 867 1998 917; x_wconf 86' lang='lat' dir='ltr'><strong>eloquentiae</strong></span> <span class='ocrx_word' id='word_1_148' title='bbox 2028 867 2287 916; x_wconf 89' lang='lat' dir='ltr'><strong>dissentiunt,</strong></span> <span class='ocrx_word' id='word_1_149' title='bbox 2318 869 2458 906; x_wconf 88' lang='lat' dir='ltr'><strong>tamen</strong></span> 
     </span>
     <span class='ocr_line' id='line_1_15' title="bbox 177 932 2457 984; baseline -0.001 -10"><span class='ocrx_word' id='word_1_150' title='bbox 177 946 224 974; x_wconf 93' lang='lat' dir='ltr'><strong>eo</strong></span> <span class='ocrx_word' id='word_1_151' title='bbox 255 933 511 982; x_wconf 83' lang='lat' dir='ltr'><strong>conveniunt,</strong></span> <span class='ocrx_word' id='word_1_152' title='bbox 550 933 655 983; x_wconf 89' lang='lat' dir='ltr'><strong>quod</strong></span> <span class='ocrx_word' id='word_1_153' title='bbox 684 937 854 983; x_wconf 91' lang='lat' dir='ltr'><strong>uterque</strong></span> <span class='ocrx_word' id='word_1_154' title='bbox 893 933 933 973; x_wconf 90' lang='lat' dir='ltr'><strong>id</strong></span> <span class='ocrx_word' id='word_1_155' title='bbox 964 934 1092 973; x_wconf 90' lang='lat' dir='ltr'><strong>solum</strong></span> <span class='ocrx_word' id='word_1_156' title='bbox 1121 936 1291 983; x_wconf 87' lang='lat' dir='ltr'><strong>spectat,</strong></span> <span class='ocrx_word' id='word_1_157' title='bbox 1323 937 1369 973; x_wconf 92' lang='lat' dir='ltr'><strong>ut</strong></span> <span class='ocrx_word' id='word_1_158' title='bbox 1397 938 1439 973; x_wconf 90' lang='lat' dir='ltr'><strong>et</strong></span> <span class='ocrx_word' id='word_1_159' title='bbox 1468 934 1590 974; x_wconf 90' lang='lat' dir='ltr'><strong>iudici</strong></span> <span class='ocrx_word' id='word_1_160' title='bbox 1620 937 1663 974; x_wconf 88' lang='lat' dir='ltr'><strong>et</strong></span> <span class='ocrx_word' id='word_1_161' title='bbox 1691 946 1861 974; x_wconf 85' lang='lat' dir='ltr'><strong>coronae</strong></span> <span class='ocrx_word' id='word_1_162' title='bbox 1889 934 2107 975; x_wconf 83' lang='lat' dir='ltr'><strong>adsistenti</strong></span> <span class='ocrx_word' id='word_1_163' title='bbox 2133 945 2255 984; x_wconf 85' lang='lat' dir='ltr'><strong>quam</strong></span> <span class='ocrx_word' id='word_1_164' title='bbox 2284 932 2457 973; x_wconf 82' lang='lat' dir='ltr'><strong>maxime</strong></span> 
     </span>
     <span class='ocr_line' id='line_1_16' title="bbox 176 999 2459 1052; baseline -0 -11"><span class='ocrx_word' id='word_1_165' title='bbox 176 1002 383 1052; x_wconf 87' lang='lat' dir='ltr'><strong>probetur.</strong></span> <span class='ocrx_word' id='word_1_166' title='bbox 442 1002 587 1050; x_wconf 88' lang='lat' dir='ltr'><strong>Itaque</strong></span> <span class='ocrx_word' id='word_1_167' title='bbox 606 1002 719 1051; x_wconf 88' lang='lat' dir='ltr'><strong>Aper</strong></span> <span class='ocrx_word' id='word_1_168' title='bbox 747 1013 901 1050; x_wconf 89' lang='lat' dir='ltr'><strong>quoque</strong></span> <span class='ocrx_word' id='word_1_169' title='bbox 931 1004 978 1041; x_wconf 91' lang='lat' dir='ltr'><strong>ut</strong></span> <span class='ocrx_word' id='word_1_170' title='bbox 997 1000 1153 1040; x_wconf 84' lang='lat' dir='ltr'><strong>Plinius</strong></span> <span class='ocrx_word' id='word_1_171' title='bbox 1183 1000 1327 1040; x_wconf 91' lang='lat' dir='ltr'><strong>iterum</strong></span> <span class='ocrx_word' id='word_1_172' title='bbox 1348 1013 1396 1041; x_wconf 85' lang='lat' dir='ltr'><strong>ac</strong></span> <span class='ocrx_word' id='word_1_173' title='bbox 1425 1001 1587 1051; x_wconf 90' lang='lat' dir='ltr'><strong>saepius</strong></span> <span class='ocrx_word' id='word_1_174' title='bbox 1617 1001 1715 1041; x_wconf 88' lang='lat' dir='ltr'><strong>dicit</strong></span> <span class='ocrx_word' id='word_1_175' title='bbox 1743 1000 1948 1042; x_wconf 88' lang='lat' dir='ltr'><strong>orationes</strong></span> <span class='ocrx_word' id='word_1_176' title='bbox 1977 1000 2029 1041; x_wconf 89' lang='lat' dir='ltr'><strong>ad</strong></span> <span class='ocrx_word' id='word_1_177' title='bbox 2057 999 2310 1043; x_wconf 79' lang='lat' dir='ltr'><strong>audientium</strong></span> <span class='ocrx_word' id='word_1_178' title='bbox 2337 1010 2459 1040; x_wconf 83' lang='lat' dir='ltr'><strong>aures</strong></span> 
     </span>
     <span class='ocr_line' id='line_1_17' title="bbox 175 1066 2455 1119; baseline -0.001 -10"><span class='ocrx_word' id='word_1_179' title='bbox 175 1080 263 1110; x_wconf 88' lang='lat' dir='ltr'><strong>cum</strong></span> <span class='ocrx_word' id='word_1_180' title='bbox 280 1067 489 1119; x_wconf 88' lang='lat' dir='ltr'><strong>voluptate</strong></span> <span class='ocrx_word' id='word_1_181' title='bbox 504 1067 714 1119; x_wconf 90' lang='lat' dir='ltr'><strong>pervenire</strong></span> <span class='ocrx_word' id='word_1_182' title='bbox 726 1070 922 1119; x_wconf 89' lang='lat' dir='ltr'><strong>oportere.</strong></span> <span class='ocrx_word' id='word_1_183' title='bbox 955 1066 1033 1109; x_wconf 87' lang='lat' dir='ltr'><strong>Sic.</strong></span> <span class='ocrx_word' id='word_1_184' title='bbox 1047 1079 1107 1119; x_wconf 89' lang='lat' dir='ltr'><strong>cp.</strong></span> <span class='ocrx_word' id='word_1_185' title='bbox 1121 1071 1182 1116; x_wconf 78' lang='lat'><strong>19,</strong></span> <span class='ocrx_word' id='word_1_186' title='bbox 1194 1070 1246 1108; x_wconf 82' lang='lat'><strong>24</strong></span> <span class='ocrx_word' id='word_1_187' title='bbox 1254 1078 1311 1118; x_wconf 92' lang='lat' dir='ltr'><strong>sq.</strong></span> <span class='ocrx_word' id='word_1_188' title='bbox 1322 1067 1471 1108; x_wconf 88' lang='lat' dir='ltr'><strong>oratori</strong></span> <span class='ocrx_word' id='word_1_189' title='bbox 1488 1066 1660 1118; x_wconf 89' lang='lat' dir='ltr'><strong>legimus</strong></span> <span class='ocrx_word' id='word_1_190' title='bbox 1676 1066 1884 1109; x_wconf 86' lang='lat' dir='ltr'><strong>fastidium</strong></span> <span class='ocrx_word' id='word_1_191' title='bbox 1898 1067 2055 1109; x_wconf 90' lang='lat' dir='ltr'><strong>aurium</strong></span> <span class='ocrx_word' id='word_1_192' title='bbox 2067 1079 2159 1109; x_wconf 87' lang='lat' dir='ltr'><strong>esse</strong></span> <span class='ocrx_word' id='word_1_193' title='bbox 2172 1066 2455 1119; x_wconf 83' lang='lat' dir='ltr'><strong>effugiendum,</strong></span> 
     </span>
     <span class='ocr_line' id='line_1_18' title="bbox 176 1134 2457 1186; baseline -0 -11"><span class='ocrx_word' id='word_1_194' title='bbox 176 1135 317 1186; x_wconf 87' lang='lat' dir='ltr'><strong>utique</strong></span> <span class='ocrx_word' id='word_1_195' title='bbox 345 1134 452 1186; x_wconf 88' lang='lat' dir='ltr'><strong>apud</strong></span> <span class='ocrx_word' id='word_1_196' title='bbox 473 1146 541 1175; x_wconf 93' lang='lat' dir='ltr'><strong>eos</strong></span> <span class='ocrx_word' id='word_1_197' title='bbox 562 1134 728 1184; x_wconf 86' lang='lat' dir='ltr'><strong>iudices,</strong></span> <span class='ocrx_word' id='word_1_198' title='bbox 760 1134 829 1185; x_wconf 92' lang='lat' dir='ltr'><strong>qui</strong></span> <span class='ocrx_word' id='word_1_199' title='bbox 849 1135 890 1175; x_wconf 90' lang='lat' dir='ltr'><strong>vi</strong></span> <span class='ocrx_word' id='word_1_200' title='bbox 910 1138 952 1174; x_wconf 91' lang='lat' dir='ltr'><strong>et</strong></span> <span class='ocrx_word' id='word_1_201' title='bbox 970 1138 1176 1185; x_wconf 86' lang='lat' dir='ltr'><strong>potestate</strong></span> <span class='ocrx_word' id='word_1_202' title='bbox 1197 1146 1276 1174; x_wconf 90' lang='lat' dir='ltr'><strong>non</strong></span> <span class='ocrx_word' id='word_1_203' title='bbox 1302 1134 1389 1174; x_wconf 90' lang='lat' dir='ltr'><strong>iure</strong></span> <span class='ocrx_word' id='word_1_204' title='bbox 1409 1139 1481 1174; x_wconf 87' lang='lat' dir='ltr'><strong>aut</strong></span> <span class='ocrx_word' id='word_1_205' title='bbox 1499 1135 1655 1185; x_wconf 90' lang='lat' dir='ltr'><strong>legibus</strong></span> <span class='ocrx_word' id='word_1_206' title='bbox 1676 1139 1932 1185; x_wconf 79' lang='lat' dir='ltr'><strong>cognoscant,</strong></span> <span class='ocrx_word' id='word_1_207' title='bbox 1955 1145 2030 1175; x_wconf 85' lang='lat' dir='ltr'><strong>nec</strong></span> <span class='ocrx_word' id='word_1_208' title='bbox 2050 1135 2255 1185; x_wconf 68' lang='lat' dir='ltr'><strong>accipiant</strong></span> <span class='ocrx_word' id='word_1_209' title='bbox 2274 1138 2457 1185; x_wconf 86' lang='lat' dir='ltr'><strong>tempora</strong></span> 
     </span>
    </p>
   </div>
   <div class='ocr_carea' id='block_1_8' title="bbox 97 1200 2456 1253">
    <p class='ocr_par' dir='ltr' id='par_1_8' title="bbox 97 1200 2456 1253">
     <span class='ocr_line' id='line_1_19' title="bbox 97 1200 2456 1253; baseline 0.001 -12"><span class='ocrx_word' id='word_1_210' title='bbox 97 1200 101 1202; x_wconf 80' lang='grc'><strong>’</strong></span> <span class='ocrx_word' id='word_1_211' title='bbox 177 1203 247 1241; x_wconf 83' lang='grc' dir='ltr'><strong>8οᾰ</strong></span> <span class='ocrx_word' id='word_1_212' title='bbox 265 1202 530 1250; x_wconf 85' lang='lat' dir='ltr'><strong>constituant,</strong></span> <span class='ocrx_word' id='word_1_213' title='bbox 550 1214 625 1241; x_wconf 90' lang='lat' dir='ltr'><strong>nec</strong></span> <span class='ocrx_word' id='word_1_214' title='bbox 641 1202 957 1251; x_wconf 88' lang='lat' dir='ltr'><strong>exspectandum</strong></span> <span class='ocrx_word' id='word_1_215' title='bbox 975 1203 1154 1241; x_wconf 88' lang='lat' dir='ltr'><strong>habeant</strong></span> <span class='ocrx_word' id='word_1_216' title='bbox 1173 1207 1385 1246; x_wconf 85' lang='lat' dir='ltr'><strong>oratorem,</strong></span> <span class='ocrx_word' id='word_1_217' title='bbox 1404 1201 1497 1241; x_wconf 91' lang='lat' dir='ltr'><strong>dum</strong></span> <span class='ocrx_word' id='word_1_218' title='bbox 1513 1201 1573 1241; x_wconf 93' lang='lat' dir='ltr'><strong>illi</strong></span> <span class='ocrx_word' id='word_1_219' title='bbox 1589 1202 1716 1242; x_wconf 88' lang='lat' dir='ltr'><strong>libeat</strong></span> <span class='ocrx_word' id='word_1_220' title='bbox 1731 1202 1783 1242; x_wconf 92' lang='lat' dir='ltr'><strong>de</strong></span> <span class='ocrx_word' id='word_1_221' title='bbox 1800 1202 1886 1252; x_wconf 89' lang='lat' dir='ltr'><strong>ipso</strong></span> <span class='ocrx_word' id='word_1_222' title='bbox 1903 1201 2068 1253; x_wconf 88' lang='lat' dir='ltr'><strong>negotio</strong></span> <span class='ocrx_word' id='word_1_223' title='bbox 2084 1201 2229 1250; x_wconf 83' lang='lat' dir='ltr'><strong>dicere,</strong></span> <span class='ocrx_word' id='word_1_224' title='bbox 2248 1200 2319 1242; x_wconf 86' lang='lat' dir='ltr'><strong>sed</strong></span> <span class='ocrx_word' id='word_1_225' title='bbox 2334 1213 2456 1252; x_wconf 81' lang='lat' dir='ltr'><strong>saepe</strong></span> 
     </span>
    </p>
   </div>
   <div class='ocr_carea' id='block_1_9' title="bbox 177 1266 2456 1320">
    <p class='ocr_par' dir='ltr' id='par_1_9' title="bbox 177 1266 2456 1320">
     <span class='ocr_line' id='line_1_20' title="bbox 177 1266 2456 1320; baseline 0 -10"><span class='ocrx_word' id='word_1_226' title='bbox 177 1270 284 1310; x_wconf 87' lang='lat' dir='ltr'><strong>ultro</strong></span> <span class='ocrx_word' id='word_1_227' title='bbox 305 1267 547 1309; x_wconf 87' lang='lat' dir='ltr'><strong>admoneant</strong></span> <span class='ocrx_word' id='word_1_228' title='bbox 576 1271 698 1318; x_wconf 87' lang='lat' dir='ltr'><strong>atque</strong></span> <span class='ocrx_word' id='word_1_229' title='bbox 727 1267 806 1309; x_wconf 87' lang='lat' dir='ltr'><strong>alio</strong></span> <span class='ocrx_word' id='word_1_230' title='bbox 831 1267 1199 1319; x_wconf 85' lang='lat' dir='ltr'><strong>transgredientem</strong></span> <span class='ocrx_word' id='word_1_231' title='bbox 1219 1270 1412 1309; x_wconf 87' lang='lat' dir='ltr'><strong>revocent</strong></span> <span class='ocrx_word' id='word_1_232' title='bbox 1441 1270 1483 1309; x_wconf 89' lang='lat' dir='ltr'><strong>et</strong></span> <span class='ocrx_word' id='word_1_233' title='bbox 1511 1266 1709 1310; x_wconf 85' lang='lat' dir='ltr'><strong>festinare</strong></span> <span class='ocrx_word' id='word_1_234' title='bbox 1738 1279 1782 1309; x_wconf 90' lang='lat' dir='ltr'><strong>se</strong></span> <span class='ocrx_word' id='word_1_235' title='bbox 1812 1270 2029 1310; x_wconf 85' lang='lat' dir='ltr'><strong>testentur.</strong></span> <span class='ocrx_word' id='word_1_236' title='bbox 2091 1266 2353 1320; x_wconf 70' lang='lat' dir='ltr'><strong>„Praeoumt</strong></span> <span class='ocrx_word' id='word_1_237' title='bbox 2380 1267 2456 1310; x_wconf 89' lang='lat' dir='ltr'><strong>hoc</strong></span> 
     </span>
    </p>
   </div>
   <div class='ocr_carea' id='block_1_10' title="bbox 176 1334 2507 1387">
    <p class='ocr_par' dir='ltr' id='par_1_10' title="bbox 176 1334 2507 1387">
     <span class='ocr_line' id='line_1_21' title="bbox 176 1334 2507 1387; baseline -0 -11"><span class='ocrx_word' id='word_1_238' title='bbox 176 1340 355 1387; x_wconf 86' lang='lat' dir='ltr'><strong>tempore</strong></span> <span class='ocrx_word' id='word_1_239' title='bbox 376 1334 498 1376; x_wconf 88' lang='lat' dir='ltr'><strong>iudex</strong></span> <span class='ocrx_word' id='word_1_240' title='bbox 517 1334 714 1376; x_wconf 87' lang='lat' dir='ltr'><strong>dicentem</strong></span> <span class='ocrx_word' id='word_1_241' title='bbox 735 1338 788 1385; x_wconf 89' lang='lat' dir='ltr'><strong>et,</strong></span> <span class='ocrx_word' id='word_1_242' title='bbox 811 1334 891 1376; x_wconf 91' lang='lat' dir='ltr'><strong>nisi</strong></span> <span class='ocrx_word' id='word_1_243' title='bbox 912 1338 983 1375; x_wconf 88' lang='lat' dir='ltr'><strong>aut</strong></span> <span class='ocrx_word' id='word_1_244' title='bbox 1003 1346 1123 1376; x_wconf 86' lang='lat' dir='ltr'><strong>cursu</strong></span> <span class='ocrx_word' id='word_1_245' title='bbox 1139 1338 1465 1387; x_wconf 89' lang='lat' dir='ltr'><strong>argumentorum</strong></span> <span class='ocrx_word' id='word_1_246' title='bbox 1483 1338 1554 1374; x_wconf 86' lang='lat' dir='ltr'><strong>aut</strong></span> <span class='ocrx_word' id='word_1_247' title='bbox 1570 1336 1701 1375; x_wconf 84' lang='lat' dir='ltr'><strong>colore</strong></span> <span class='ocrx_word' id='word_1_248' title='bbox 1722 1335 2017 1375; x_wconf 88' lang='lat' dir='ltr'><strong>sententiarum</strong></span> <span class='ocrx_word' id='word_1_249' title='bbox 2038 1339 2111 1375; x_wconf 90' lang='lat' dir='ltr'><strong>aut</strong></span> <span class='ocrx_word' id='word_1_250' title='bbox 2129 1335 2259 1375; x_wconf 90' lang='lat' dir='ltr'><strong>nitore</strong></span> <span class='ocrx_word' id='word_1_251' title='bbox 2279 1339 2323 1375; x_wconf 92' lang='lat' dir='ltr'><strong>et</strong></span> <span class='ocrx_word' id='word_1_252' title='bbox 2343 1335 2456 1375; x_wconf 88' lang='lat' dir='ltr'><strong>cultu</strong></span> <span class='ocrx_word' id='word_1_253' title='bbox 2502 1346 2507 1350; x_wconf 67' lang='grc'><strong>’</strong></span> 
     </span>
    </p>
   </div>
   <div class='ocr_carea' id='block_1_11' title="bbox 177 1402 2457 1721">
    <p class='ocr_par' dir='ltr' id='par_1_11' title="bbox 177 1402 2457 1721">
     <span class='ocr_line' id='line_1_22' title="bbox 177 1402 2456 1452; baseline 0 -10"><span class='ocrx_word' id='word_1_254' title='bbox 177 1402 491 1452; x_wconf 83' lang='lat' dir='ltr'><strong>descriptionum</strong></span> <span class='ocrx_word' id='word_1_255' title='bbox 507 1402 706 1442; x_wconf 88' lang='lat' dir='ltr'><strong>invitatus</strong></span> <span class='ocrx_word' id='word_1_256' title='bbox 723 1405 765 1442; x_wconf 92' lang='lat' dir='ltr'><strong>et</strong></span> <span class='ocrx_word' id='word_1_257' title='bbox 780 1405 993 1452; x_wconf 88' lang='lat' dir='ltr'><strong>corruptus</strong></span> <span class='ocrx_word' id='word_1_258' title='bbox 1010 1406 1084 1451; x_wconf 91' lang='lat' dir='ltr'><strong>est,</strong></span> <span class='ocrx_word' id='word_1_259' title='bbox 1102 1406 1327 1442; x_wconf 81' lang='lat' dir='ltr'><strong>aversatur.</strong></span> <span class='ocrx_word' id='word_1_260' title='bbox 1386 1402 1543 1451; x_wconf 90' lang='lat' dir='ltr'><strong>Vulgus</strong></span> <span class='ocrx_word' id='word_1_261' title='bbox 1560 1414 1716 1451; x_wconf 91' lang='lat' dir='ltr'><strong>quoque</strong></span> <span class='ocrx_word' id='word_1_262' title='bbox 1731 1403 2006 1442; x_wconf 90' lang='lat' dir='ltr'><strong>assistentium</strong></span> <span class='ocrx_word' id='word_1_263' title='bbox 2022 1406 2065 1442; x_wconf 91' lang='lat' dir='ltr'><strong>et</strong></span> <span class='ocrx_word' id='word_1_264' title='bbox 2080 1402 2251 1442; x_wconf 84' lang='lat' dir='ltr'><strong>affluens</strong></span> <span class='ocrx_word' id='word_1_265' title='bbox 2266 1406 2310 1442; x_wconf 92' lang='lat' dir='ltr'><strong>et</strong></span> <span class='ocrx_word' id='word_1_266' title='bbox 2323 1413 2456 1452; x_wconf 83' lang='lat' dir='ltr'><strong>vagus</strong></span> 
     </span>
     <span class='ocr_line' id='line_1_23' title="bbox 177 1462 2455 1520; baseline 0 -11"><span class='ocrx_word' id='word_1_267' title='bbox 177 1469 338 1509; x_wconf 88' lang='lat' dir='ltr'><strong>auditor</strong></span> <span class='ocrx_word' id='word_1_268' title='bbox 350 1469 533 1509; x_wconf 89' lang='lat' dir='ltr'><strong>assuevit</strong></span> <span class='ocrx_word' id='word_1_269' title='bbox 545 1469 624 1509; x_wconf 87' lang='lat' dir='ltr'><strong>iam</strong></span> <span class='ocrx_word' id='word_1_270' title='bbox 637 1469 801 1519; x_wconf 84' lang='lat' dir='ltr'><strong>exigere</strong></span> <span class='ocrx_word' id='word_1_271' title='bbox 817 1469 1016 1509; x_wconf 87' lang='lat' dir='ltr'><strong>laetitiam</strong></span> <span class='ocrx_word' id='word_1_272' title='bbox 1033 1473 1075 1509; x_wconf 91' lang='lat' dir='ltr'><strong>et</strong></span> <span class='ocrx_word' id='word_1_273' title='bbox 1090 1468 1428 1518; x_wconf 89' lang='lat' dir='ltr'><strong>pulchritudinem</strong></span> <span class='ocrx_word' id='word_1_274' title='bbox 1442 1469 1648 1518; x_wconf 79' lang='lat' dir='ltr'><strong>orationis,</strong></span> <span class='ocrx_word' id='word_1_275' title='bbox 1664 1481 1738 1510; x_wconf 88' lang='lat' dir='ltr'><strong>nec</strong></span> <span class='ocrx_word' id='word_1_276' title='bbox 1750 1469 1880 1520; x_wconf 88' lang='lat' dir='ltr'><strong>magis</strong></span> <span class='ocrx_word' id='word_1_277' title='bbox 1894 1469 2050 1520; x_wconf 83' lang='lat' dir='ltr'><strong>perfert</strong></span> <span class='ocrx_word' id='word_1_278' title='bbox 2065 1469 2106 1510; x_wconf 89' lang='lat' dir='ltr'><strong>in</strong></span> <span class='ocrx_word' id='word_1_279' title='bbox 2121 1468 2281 1510; x_wconf 82' lang='lat' dir='ltr'><strong>iudiciis</strong></span> <span class='ocrx_word' id='word_1_280' title='bbox 2295 1462 2455 1510; x_wconf 81' lang='lat' dir='ltr'><strong>tristem</strong></span> 
     </span>
     <span class='ocr_line' id='line_1_24' title="bbox 177 1535 2454 1587; baseline 0 -11"><span class='ocrx_word' id='word_1_281' title='bbox 177 1540 220 1576; x_wconf 92' lang='lat' dir='ltr'><strong>et</strong></span> <span class='ocrx_word' id='word_1_282' title='bbox 248 1536 449 1586; x_wconf 85' lang='lat' dir='ltr'><strong>impexam</strong></span> <span class='ocrx_word' id='word_1_283' title='bbox 480 1535 776 1586; x_wconf 87' lang='lat' dir='ltr'><strong>antiquitatem,</strong></span> <span class='ocrx_word' id='word_1_284' title='bbox 808 1548 927 1585; x_wconf 90' lang='lat' dir='ltr'><strong>quam</strong></span> <span class='ocrx_word' id='word_1_285' title='bbox 957 1536 991 1576; x_wconf 92' lang='lat' dir='ltr'><strong>si</strong></span> <span class='ocrx_word' id='word_1_286' title='bbox 1018 1536 1107 1586; x_wconf 91' lang='lat' dir='ltr'><strong>quis</strong></span> <span class='ocrx_word' id='word_1_287' title='bbox 1136 1536 1177 1576; x_wconf 91' lang='lat' dir='ltr'><strong>in</strong></span> <span class='ocrx_word' id='word_1_288' title='bbox 1208 1547 1328 1576; x_wconf 85' lang='lat' dir='ltr'><strong>scena</strong></span> <span class='ocrx_word' id='word_1_289' title='bbox 1349 1535 1485 1576; x_wconf 88' lang='lat' dir='ltr'><strong>Roscii</strong></span> <span class='ocrx_word' id='word_1_290' title='bbox 1515 1539 1587 1576; x_wconf 89' lang='lat' dir='ltr'><strong>aut</strong></span> <span class='ocrx_word' id='word_1_291' title='bbox 1607 1536 1821 1586; x_wconf 85' lang='lat' dir='ltr'><strong>Turpionis</strong></span> <span class='ocrx_word' id='word_1_292' title='bbox 1853 1536 2026 1577; x_wconf 88' lang='lat' dir='ltr'><strong>Ambicii</strong></span> <span class='ocrx_word' id='word_1_293' title='bbox 2056 1536 2283 1587; x_wconf 86' lang='lat' dir='ltr'><strong>exprimere</strong></span> <span class='ocrx_word' id='word_1_294' title='bbox 2311 1539 2454 1587; x_wconf 88' lang='lat' dir='ltr'><strong>gestus</strong></span> 
     </span>
     <span class='ocr_line' id='line_1_25' title="bbox 179 1601 2456 1666; baseline 0 -24"><span class='ocrx_word' id='word_1_295' title='bbox 179 1603 291 1642; x_wconf 90' lang='lat' dir='ltr'><strong>velit.</strong></span> <span class='ocrx_word' id='word_1_296' title='bbox 352 1603 382 1643; x_wconf 86' lang='lat' dir='ltr'><strong>J</strong></span> <span class='ocrx_word' id='word_1_297' title='bbox 383 1614 446 1642; x_wconf 88' lang='lat' dir='ltr'><strong>am</strong></span> <span class='ocrx_word' id='word_1_298' title='bbox 482 1615 579 1642; x_wconf 90' lang='lat' dir='ltr'><strong>vero</strong></span> <span class='ocrx_word' id='word_1_299' title='bbox 615 1602 782 1643; x_wconf 90' lang='lat' dir='ltr'><strong>iuvenes</strong></span> <span class='ocrx_word' id='word_1_300' title='bbox 819 1606 861 1642; x_wconf 92' lang='lat' dir='ltr'><strong>et</strong></span> <span class='ocrx_word' id='word_1_301' title='bbox 895 1603 935 1642; x_wconf 92' lang='lat' dir='ltr'><strong>in</strong></span> <span class='ocrx_word' id='word_1_302' title='bbox 972 1603 1061 1653; x_wconf 88' lang='lat' dir='ltr'><strong>ipsa</strong></span> <span class='ocrx_word' id='word_1_303' title='bbox 1091 1602 1312 1643; x_wconf 83' lang='lat' dir='ltr'><strong>studiorum</strong></span> <span class='ocrx_word' id='word_1_304' title='bbox 1347 1601 1491 1643; x_wconf 89' lang='lat' dir='ltr'><strong>incude</strong></span> <span class='ocrx_word' id='word_1_305' title='bbox 1520 1603 1655 1653; x_wconf 83' lang='lat' dir='ltr'><strong>positi,</strong></span> <span class='ocrx_word' id='word_1_306' title='bbox 1688 1603 1757 1653; x_wconf 89' lang='lat' dir='ltr'><strong>qui</strong></span> <span class='ocrx_word' id='word_1_307' title='bbox 1785 1603 1992 1654; x_wconf 85' lang='lat' dir='ltr'><strong>profectus</strong></span> <span class='ocrx_word' id='word_1_308' title='bbox 2021 1603 2085 1644; x_wconf 91' lang='lat' dir='ltr'><strong>sui</strong></span> <span class='ocrx_word' id='word_1_309' title='bbox 2114 1615 2238 1644; x_wconf 87' lang='lat' dir='ltr'><strong>causa</strong></span> <span class='ocrx_word' id='word_1_310' title='bbox 2272 1606 2456 1666; x_wconf 59' lang='lat' dir='ltr'><strong>oratores</strong></span> 
     </span>
     <span class='ocr_line' id='line_1_26' title="bbox 177 1667 2457 1721; baseline 0 -12"><span class='ocrx_word' id='word_1_311' title='bbox 177 1672 398 1718; x_wconf 87' lang='lat' dir='ltr'><strong>sectantur,</strong></span> <span class='ocrx_word' id='word_1_312' title='bbox 441 1681 520 1710; x_wconf 90' lang='lat' dir='ltr'><strong>non</strong></span> <span class='ocrx_word' id='word_1_313' title='bbox 564 1670 691 1710; x_wconf 91' lang='lat' dir='ltr'><strong>solum</strong></span> <span class='ocrx_word' id='word_1_314' title='bbox 731 1669 884 1719; x_wconf 87' lang='lat' dir='ltr'><strong>audire,</strong></span> <span class='ocrx_word' id='word_1_315' title='bbox 929 1670 1000 1709; x_wconf 89' lang='lat' dir='ltr'><strong>sed</strong></span> <span class='ocrx_word' id='word_1_316' title='bbox 1040 1669 1161 1709; x_wconf 87' lang='lat' dir='ltr'><strong>etiam</strong></span> <span class='ocrx_word' id='word_1_317' title='bbox 1198 1667 1352 1708; x_wconf 83' lang='lat' dir='ltr'><strong>referre</strong></span> <span class='ocrx_word' id='word_1_318' title='bbox 1393 1668 1552 1709; x_wconf 89' lang='lat' dir='ltr'><strong>domum</strong></span> <span class='ocrx_word' id='word_1_319' title='bbox 1594 1669 1746 1719; x_wconf 89' lang='lat' dir='ltr'><strong>aliquid</strong></span> <span class='ocrx_word' id='word_1_320' title='bbox 1782 1670 1940 1711; x_wconf 90' lang='lat' dir='ltr'><strong>illustre</strong></span> <span class='ocrx_word' id='word_1_321' title='bbox 1974 1673 2018 1710; x_wconf 91' lang='lat' dir='ltr'><strong>et</strong></span> <span class='ocrx_word' id='word_1_322' title='bbox 2057 1669 2222 1721; x_wconf 89' lang='lat' dir='ltr'><strong>dignum</strong></span> <span class='ocrx_word' id='word_1_323' title='bbox 2263 1669 2457 1710; x_wconf 85' lang='lat' dir='ltr'><strong>memoria</strong></span> 
     </span>
    </p>
   </div>
   <div class='ocr_carea' id='block_1_12' title="bbox 177 1735 2477 1786">
    <p class='ocr_par' dir='ltr' id='par_1_12' title="bbox 177 1735 2477 1786">
     <span class='ocr_line' id='line_1_27' title="bbox 177 1735 2477 1786; baseline 0.001 -11"><span class='ocrx_word' id='word_1_324' title='bbox 177 1735 343 1776; x_wconf 84' lang='lat' dir='ltr'><strong>volunt“</strong></span> <span class='ocrx_word' id='word_1_325' title='bbox 377 1738 452 1777; x_wconf 91' lang='lat' dir='ltr'><strong>etc.</strong></span> <span class='ocrx_word' id='word_1_326' title='bbox 512 1735 741 1776; x_wconf 89' lang='lat' dir='ltr'><strong>Identidem</strong></span> <span class='ocrx_word' id='word_1_327' title='bbox 772 1748 805 1776; x_wconf 91' lang='lat' dir='ltr'><strong>e.</strong></span> <span class='ocrx_word' id='word_1_328' title='bbox 827 1748 866 1786; x_wconf 87' lang='lat' dir='ltr'><strong>g.</strong></span> <span class='ocrx_word' id='word_1_329' title='bbox 890 1748 951 1786; x_wconf 87' lang='lat' dir='ltr'><strong>cp.</strong></span> <span class='ocrx_word' id='word_1_330' title='bbox 975 1740 1040 1784; x_wconf 83' lang='lat'><strong>21,</strong></span> <span class='ocrx_word' id='word_1_331' title='bbox 1066 1741 1087 1775; x_wconf 80' lang='lat'>5</span> <span class='ocrx_word' id='word_1_332' title='bbox 1110 1747 1167 1784; x_wconf 89' lang='lat' dir='ltr'><strong>sq.</strong></span> <span class='ocrx_word' id='word_1_333' title='bbox 1200 1737 1325 1775; x_wconf 84' lang='lat' dir='ltr'><strong>verba</strong></span> <span class='ocrx_word' id='word_1_334' title='bbox 1355 1736 1455 1775; x_wconf 86' lang='lat' dir='ltr'><strong>facit</strong></span> <span class='ocrx_word' id='word_1_335' title='bbox 1480 1737 1592 1785; x_wconf 90' lang='lat' dir='ltr'><strong>Aper</strong></span> <span class='ocrx_word' id='word_1_336' title='bbox 1621 1740 1761 1776; x_wconf 87' lang='lat' dir='ltr'><strong>contra</strong></span> <span class='ocrx_word' id='word_1_337' title='bbox 1790 1737 1954 1776; x_wconf 90' lang='lat' dir='ltr'><strong>nimium</strong></span> <span class='ocrx_word' id='word_1_338' title='bbox 1985 1736 2246 1786; x_wconf 88' lang='lat' dir='ltr'><strong>antiquitatis</strong></span> <span class='ocrx_word' id='word_1_339' title='bbox 2276 1735 2477 1778; x_wconf 86' lang='lat' dir='ltr'><strong>studium·</strong></span> 
     </span>
    </p>
   </div>
   <div class='ocr_carea' id='block_1_13' title="bbox 176 1802 2458 2791">
    <p class='ocr_par' dir='ltr' id='par_1_13' title="bbox 177 1802 2458 2455">
     <span class='ocr_line' id='line_1_28' title="bbox 177 1802 2458 1853; baseline 0 -11"><span class='ocrx_word' id='word_1_340' title='bbox 177 1814 327 1850; x_wconf 91' lang='lat' dir='ltr'><strong>eorum‚</strong></span> <span class='ocrx_word' id='word_1_341' title='bbox 361 1815 527 1851; x_wconf 92' lang='lat' dir='ltr'><strong>quorum</strong></span> <span class='ocrx_word' id='word_1_342' title='bbox 557 1803 762 1843; x_wconf 86' lang='lat' dir='ltr'><strong>orationes</strong></span> <span class='ocrx_word' id='word_1_343' title='bbox 793 1815 884 1843; x_wconf 90' lang='lat' dir='ltr'><strong>ossa</strong></span> <span class='ocrx_word' id='word_1_344' title='bbox 914 1806 956 1842; x_wconf 89' lang='lat' dir='ltr'><strong>et</strong></span> <span class='ocrx_word' id='word_1_345' title='bbox 986 1803 1152 1843; x_wconf 88' lang='lat' dir='ltr'><strong>maciem</strong></span> <span class='ocrx_word' id='word_1_346' title='bbox 1183 1802 1367 1851; x_wconf 85' lang='lat' dir='ltr'><strong>prodant.</strong></span> <span class='ocrx_word' id='word_1_347' title='bbox 1429 1802 1561 1853; x_wconf 77' lang='lat' dir='ltr'><strong>Quid?</strong></span> <span class='ocrx_word' id='word_1_348' title='bbox 1591 1803 1696 1851; x_wconf 89' lang='lat' dir='ltr'><strong>quod</strong></span> <span class='ocrx_word' id='word_1_349' title='bbox 1726 1807 1768 1843; x_wconf 89' lang='lat' dir='ltr'><strong>et</strong></span> <span class='ocrx_word' id='word_1_350' title='bbox 1801 1804 1949 1844; x_wconf 83' lang='lat' dir='ltr'><strong>Calvus</strong></span> <span class='ocrx_word' id='word_1_351' title='bbox 1979 1807 2022 1844; x_wconf 82' lang='lat' dir='ltr'><strong>et</strong></span> <span class='ocrx_word' id='word_1_352' title='bbox 2041 1803 2203 1844; x_wconf 88' lang='lat' dir='ltr'><strong>Caelius</strong></span> <span class='ocrx_word' id='word_1_353' title='bbox 2233 1807 2277 1843; x_wconf 84' lang='lat' dir='ltr'><strong>et</strong></span> <span class='ocrx_word' id='word_1_354' title='bbox 2305 1803 2458 1844; x_wconf 77' lang='lat' dir='ltr'><strong>Caesar</strong></span> 
     </span>
     <span class='ocr_line' id='line_1_29' title="bbox 178 1867 2455 1920; baseline 0 -10"><span class='ocrx_word' id='word_1_355' title='bbox 178 1872 221 1910; x_wconf 89' lang='lat' dir='ltr'><strong>et</strong></span> <span class='ocrx_word' id='word_1_356' title='bbox 259 1869 411 1911; x_wconf 90' lang='lat' dir='ltr'><strong>Brutus</strong></span> <span class='ocrx_word' id='word_1_357' title='bbox 453 1873 495 1910; x_wconf 89' lang='lat' dir='ltr'><strong>et</strong></span> <span class='ocrx_word' id='word_1_358' title='bbox 531 1869 618 1920; x_wconf 90' lang='lat' dir='ltr'><strong>ipse</strong></span> <span class='ocrx_word' id='word_1_359' title='bbox 656 1868 794 1911; x_wconf 88' lang='lat' dir='ltr'><strong>Cicero</strong></span> <span class='ocrx_word' id='word_1_360' title='bbox 830 1869 1031 1911; x_wconf 88' lang='lat' dir='ltr'><strong>interdum</strong></span> <span class='ocrx_word' id='word_1_361' title='bbox 1067 1868 1104 1910; x_wconf 90' lang='lat' dir='ltr'><strong>ei</strong></span> <span class='ocrx_word' id='word_1_362' title='bbox 1139 1868 1228 1910; x_wconf 90' lang='lat' dir='ltr'><strong>duri</strong></span> <span class='ocrx_word' id='word_1_363' title='bbox 1265 1872 1306 1910; x_wconf 89' lang='lat' dir='ltr'><strong>et</strong></span> <span class='ocrx_word' id='word_1_364' title='bbox 1343 1868 1439 1910; x_wconf 87' lang='lat' dir='ltr'><strong>sicci</strong></span> <span class='ocrx_word' id='word_1_365' title='bbox 1472 1867 1695 1910; x_wconf 80' lang='lat' dir='ltr'><strong>videntur?</strong></span> <span class='ocrx_word' id='word_1_366' title='bbox 1752 1869 1928 1911; x_wconf 87' lang='lat' dir='ltr'><strong>Maxime</strong></span> <span class='ocrx_word' id='word_1_367' title='bbox 1963 1872 2098 1911; x_wconf 89' lang='lat' dir='ltr'><strong>autem</strong></span> <span class='ocrx_word' id='word_1_368' title='bbox 2137 1868 2328 1920; x_wconf 86' lang='lat' dir='ltr'><strong>congruit</strong></span> <span class='ocrx_word' id='word_1_369' title='bbox 2367 1880 2455 1911; x_wconf 87' lang='lat' dir='ltr'><strong>cum</strong></span> 
     </span>
     <span class='ocr_line' id='line_1_30' title="bbox 183 1936 2457 1990; baseline 0 -14"><span class='ocrx_word' id='word_1_370' title='bbox 183 1936 316 1977; x_wconf 88' lang='lat' dir='ltr'><strong>Plinio</strong></span> <span class='ocrx_word' id='word_1_371' title='bbox 337 1948 398 1988; x_wconf 86' lang='lat' dir='ltr'><strong>cp.</strong></span> <span class='ocrx_word' id='word_1_372' title='bbox 423 1941 487 1988; x_wconf 82' lang='lat'><strong>21,</strong></span> <span class='ocrx_word' id='word_1_373' title='bbox 513 1941 563 1977; x_wconf 87' lang='lat'><strong>35</strong></span> <span class='ocrx_word' id='word_1_374' title='bbox 586 1948 658 1987; x_wconf 88' lang='lat' dir='ltr'><strong>sq.,</strong></span> <span class='ocrx_word' id='word_1_375' title='bbox 690 1937 758 1977; x_wconf 92' lang='lat' dir='ltr'><strong>ubi</strong></span> <span class='ocrx_word' id='word_1_376' title='bbox 788 1937 1010 1978; x_wconf 86' lang='lat' dir='ltr'><strong>orationem</strong></span> <span class='ocrx_word' id='word_1_377' title='bbox 1040 1937 1145 1976; x_wconf 88' lang='lat' dir='ltr'><strong>sicut</strong></span> <span class='ocrx_word' id='word_1_378' title='bbox 1175 1948 1320 1987; x_wconf 84' lang='lat' dir='ltr'><strong>corpus</strong></span> <span class='ocrx_word' id='word_1_379' title='bbox 1340 1936 1510 1976; x_wconf 89' lang='lat' dir='ltr'><strong>hominis</strong></span> <span class='ocrx_word' id='word_1_380' title='bbox 1540 1948 1626 1977; x_wconf 89' lang='lat' dir='ltr'><strong>eam</strong></span> <span class='ocrx_word' id='word_1_381' title='bbox 1649 1937 1805 1977; x_wconf 88' lang='lat' dir='ltr'><strong>demum</strong></span> <span class='ocrx_word' id='word_1_382' title='bbox 1827 1938 2038 1988; x_wconf 88' lang='lat' dir='ltr'><strong>pulchram</strong></span> <span class='ocrx_word' id='word_1_383' title='bbox 2066 1937 2178 1990; x_wconf 87' lang='lat' dir='ltr'><strong>dicit,</strong></span> <span class='ocrx_word' id='word_1_384' title='bbox 2208 1937 2250 1976; x_wconf 91' lang='lat' dir='ltr'><strong>in</strong></span> <span class='ocrx_word' id='word_1_385' title='bbox 2278 1949 2358 1987; x_wconf 88' lang='lat' dir='ltr'><strong>qua</strong></span> <span class='ocrx_word' id='word_1_386' title='bbox 2378 1949 2457 1977; x_wconf 90' lang='lat' dir='ltr'><strong>non</strong></span> 
     </span>
     <span class='ocr_line' id='line_1_31' title="bbox 179 2003 2457 2055; baseline 0 -12"><span class='ocrx_word' id='word_1_387' title='bbox 179 2003 385 2043; x_wconf 90' lang='lat' dir='ltr'><strong>emineant</strong></span> <span class='ocrx_word' id='word_1_388' title='bbox 412 2016 542 2044; x_wconf 88' lang='lat' dir='ltr'><strong>venae</strong></span> <span class='ocrx_word' id='word_1_389' title='bbox 579 2016 653 2044; x_wconf 88' lang='lat' dir='ltr'><strong>nec</strong></span> <span class='ocrx_word' id='word_1_390' title='bbox 689 2016 782 2044; x_wconf 85' lang='lat' dir='ltr'><strong>ossa</strong></span> <span class='ocrx_word' id='word_1_391' title='bbox 816 2007 1089 2051; x_wconf 85' lang='lat' dir='ltr'><strong>numerentur,</strong></span> <span class='ocrx_word' id='word_1_392' title='bbox 1134 2004 1205 2044; x_wconf 89' lang='lat' dir='ltr'><strong>sed</strong></span> <span class='ocrx_word' id='word_1_393' title='bbox 1242 2008 1493 2053; x_wconf 91' lang='lat' dir='ltr'><strong>temperatus</strong></span> <span class='ocrx_word' id='word_1_394' title='bbox 1528 2016 1576 2043; x_wconf 89' lang='lat' dir='ltr'><strong>ac</strong></span> <span class='ocrx_word' id='word_1_395' title='bbox 1615 2005 1742 2044; x_wconf 90' lang='lat' dir='ltr'><strong>bonus</strong></span> <span class='ocrx_word' id='word_1_396' title='bbox 1783 2005 1952 2055; x_wconf 87' lang='lat' dir='ltr'><strong>sanguis</strong></span> <span class='ocrx_word' id='word_1_397' title='bbox 1991 2004 2161 2055; x_wconf 89' lang='lat' dir='ltr'><strong>impleat</strong></span> <span class='ocrx_word' id='word_1_398' title='bbox 2200 2005 2379 2044; x_wconf 88' lang='lat' dir='ltr'><strong>membra</strong></span> <span class='ocrx_word' id='word_1_399' title='bbox 2414 2008 2457 2045; x_wconf 91' lang='lat' dir='ltr'><strong>et</strong></span> 
     </span>
     <span class='ocr_line' id='line_1_32' title="bbox 178 2070 2457 2122; baseline 0.001 -12"><span class='ocrx_word' id='word_1_400' title='bbox 178 2074 373 2120; x_wconf 88' lang='lat' dir='ltr'><strong>exsurgat</strong></span> <span class='ocrx_word' id='word_1_401' title='bbox 416 2070 516 2111; x_wconf 86' lang='lat' dir='ltr'><strong>toris</strong></span> <span class='ocrx_word' id='word_1_402' title='bbox 560 2070 748 2121; x_wconf 90' lang='lat' dir='ltr'><strong>ipsosque</strong></span> <span class='ocrx_word' id='word_1_403' title='bbox 790 2083 936 2112; x_wconf 89' lang='lat' dir='ltr'><strong>nervos</strong></span> <span class='ocrx_word' id='word_1_404' title='bbox 981 2071 1102 2111; x_wconf 88' lang='lat' dir='ltr'><strong>rubor</strong></span> <span class='ocrx_word' id='word_1_405' title='bbox 1146 2074 1263 2121; x_wconf 85' lang='lat' dir='ltr'><strong>tegat</strong></span> <span class='ocrx_word' id='word_1_406' title='bbox 1297 2074 1339 2111; x_wconf 93' lang='lat' dir='ltr'><strong>et</strong></span> <span class='ocrx_word' id='word_1_407' title='bbox 1373 2071 1494 2111; x_wconf 88' lang='lat' dir='ltr'><strong>decor</strong></span> <span class='ocrx_word' id='word_1_408' title='bbox 1528 2070 1789 2112; x_wconf 87' lang='lat' dir='ltr'><strong>commendet.</strong></span> <span class='ocrx_word' id='word_1_409' title='bbox 1855 2070 2050 2113; x_wconf 83' lang='lat' dir='ltr'><strong>Conferas</strong></span> <span class='ocrx_word' id='word_1_410' title='bbox 2085 2070 2225 2121; x_wconf 89' lang='lat' dir='ltr'><strong>etiam,</strong></span> <span class='ocrx_word' id='word_1_411' title='bbox 2267 2082 2371 2122; x_wconf 89' lang='lat' dir='ltr'><strong>quae</strong></span> <span class='ocrx_word' id='word_1_412' title='bbox 2406 2070 2457 2112; x_wconf 86' lang='lat' dir='ltr'><strong>de</strong></span> 
     </span>
     <span class='ocr_line' id='line_1_33' title="bbox 178 2137 2456 2189; baseline 0.001 -13"><span class='ocrx_word' id='word_1_413' title='bbox 178 2139 341 2177; x_wconf 89' lang='lat' dir='ltr'><strong>oratore</strong></span> <span class='ocrx_word' id='word_1_414' title='bbox 371 2137 555 2178; x_wconf 91' lang='lat' dir='ltr'><strong>absoluto</strong></span> <span class='ocrx_word' id='word_1_415' title='bbox 586 2149 646 2189; x_wconf 91' lang='lat' dir='ltr'><strong>cp.</strong></span> <span class='ocrx_word' id='word_1_416' title='bbox 679 2141 798 2187; x_wconf 59' lang='lat'><strong>2217</strong></span> <span class='ocrx_word' id='word_1_417' title='bbox 832 2149 889 2187; x_wconf 90' lang='lat' dir='ltr'><strong>sq.</strong></span> <span class='ocrx_word' id='word_1_418' title='bbox 922 2139 973 2178; x_wconf 87' lang='lat' dir='ltr'><strong>ab</strong></span> <span class='ocrx_word' id='word_1_419' title='bbox 1003 2138 1141 2178; x_wconf 90' lang='lat' dir='ltr'><strong>eodem</strong></span> <span class='ocrx_word' id='word_1_420' title='bbox 1171 2140 1424 2188; x_wconf 88' lang='lat' dir='ltr'><strong>promuntur:</strong></span> <span class='ocrx_word' id='word_1_421' title='bbox 1470 2137 1559 2188; x_wconf 90' lang='lat' dir='ltr'><strong>Ego</strong></span> <span class='ocrx_word' id='word_1_422' title='bbox 1588 2141 1724 2177; x_wconf 88' lang='lat' dir='ltr'><strong>autem</strong></span> <span class='ocrx_word' id='word_1_423' title='bbox 1754 2141 1956 2179; x_wconf 89' lang='lat' dir='ltr'><strong>oratorem</strong></span> <span class='ocrx_word' id='word_1_424' title='bbox 1992 2138 2099 2179; x_wconf 88' lang='grc'><strong>810111</strong></span> <span class='ocrx_word' id='word_1_425' title='bbox 2135 2139 2376 2189; x_wconf 89' lang='lat' dir='ltr'><strong>locupletem</strong></span> <span class='ocrx_word' id='word_1_426' title='bbox 2406 2149 2456 2178; x_wconf 79' lang='lat' dir='ltr'><strong>ac</strong></span> 
     </span>
     <span class='ocr_line' id='line_1_34' title="bbox 177 2203 2456 2254; baseline 0.001 -11"><span class='ocrx_word' id='word_1_427' title='bbox 177 2203 332 2243; x_wconf 86' lang='lat' dir='ltr'><strong>lautum</strong></span> <span class='ocrx_word' id='word_1_428' title='bbox 366 2207 525 2254; x_wconf 88' lang='lat' dir='ltr'><strong>patrem</strong></span> <span class='ocrx_word' id='word_1_429' title='bbox 561 2203 739 2244; x_wconf 88' lang='lat' dir='ltr'><strong>familiae</strong></span> <span class='ocrx_word' id='word_1_430' title='bbox 773 2215 853 2244; x_wconf 91' lang='lat' dir='ltr'><strong>non</strong></span> <span class='ocrx_word' id='word_1_431' title='bbox 890 2216 936 2244; x_wconf 92' lang='lat' dir='ltr'><strong>eo</strong></span> <span class='ocrx_word' id='word_1_432' title='bbox 972 2207 1131 2244; x_wconf 88' lang='lat' dir='ltr'><strong>tantum</strong></span> <span class='ocrx_word' id='word_1_433' title='bbox 1161 2205 1251 2244; x_wconf 88' lang='lat' dir='ltr'><strong>volo</strong></span> <span class='ocrx_word' id='word_1_434' title='bbox 1287 2208 1394 2244; x_wconf 89' lang='lat' dir='ltr'><strong>tecto</strong></span> <span class='ocrx_word' id='word_1_435' title='bbox 1430 2205 1525 2254; x_wconf 92' lang='lat' dir='ltr'><strong>tegi,</strong></span> <span class='ocrx_word' id='word_1_436' title='bbox 1564 2205 1670 2253; x_wconf 88' lang='lat' dir='ltr'><strong>quod</strong></span> <span class='ocrx_word' id='word_1_437' title='bbox 1707 2205 1876 2245; x_wconf 89' lang='lat' dir='ltr'><strong>imbrem</strong></span> <span class='ocrx_word' id='word_1_438' title='bbox 1912 2217 1961 2245; x_wconf 87' lang='lat' dir='ltr'><strong>ac</strong></span> <span class='ocrx_word' id='word_1_439' title='bbox 1995 2209 2161 2246; x_wconf 87' lang='lat' dir='ltr'><strong>ventum</strong></span> <span class='ocrx_word' id='word_1_440' title='bbox 2192 2209 2342 2252; x_wconf 84' lang='grc'><strong>010001,</strong></span> <span class='ocrx_word' id='word_1_441' title='bbox 2384 2205 2456 2245; x_wconf 86' lang='lat' dir='ltr'><strong>sed</strong></span> 
     </span>
     <span class='ocr_line' id='line_1_35' title="bbox 177 2268 2452 2321; baseline 0.001 -12"><span class='ocrx_word' id='word_1_442' title='bbox 177 2268 301 2309; x_wconf 89' lang='lat' dir='ltr'><strong>etiam</strong></span> <span class='ocrx_word' id='word_1_443' title='bbox 335 2271 439 2319; x_wconf 88' lang='lat' dir='ltr'><strong>quod</strong></span> <span class='ocrx_word' id='word_1_444' title='bbox 473 2271 601 2310; x_wconf 90' lang='lat' dir='ltr'><strong>visum</strong></span> <span class='ocrx_word' id='word_1_445' title='bbox 633 2274 676 2310; x_wconf 92' lang='lat' dir='ltr'><strong>et</strong></span> <span class='ocrx_word' id='word_1_446' title='bbox 700 2271 835 2310; x_wconf 86' lang='lat' dir='ltr'><strong>oculos</strong></span> <span class='ocrx_word' id='word_1_447' title='bbox 865 2270 1051 2319; x_wconf 89' lang='lat' dir='ltr'><strong>delectet,</strong></span> <span class='ocrx_word' id='word_1_448' title='bbox 1083 2282 1162 2310; x_wconf 87' lang='lat' dir='ltr'><strong>non</strong></span> <span class='ocrx_word' id='word_1_449' title='bbox 1184 2282 1233 2309; x_wconf 88' lang='lat' dir='ltr'><strong>ea</strong></span> <span class='ocrx_word' id='word_1_450' title='bbox 1262 2271 1389 2310; x_wconf 91' lang='lat' dir='ltr'><strong>solum</strong></span> <span class='ocrx_word' id='word_1_451' title='bbox 1418 2270 1562 2311; x_wconf 90' lang='lat' dir='ltr'><strong>instrui</strong></span> <span class='ocrx_word' id='word_1_452' title='bbox 1595 2271 1858 2321; x_wconf 89' lang='lat' dir='ltr'><strong>supellectile,</strong></span> <span class='ocrx_word' id='word_1_453' title='bbox 1898 2284 2002 2321; x_wconf 91' lang='lat' dir='ltr'><strong>quae</strong></span> <span class='ocrx_word' id='word_1_454' title='bbox 2037 2272 2281 2312; x_wconf 87' lang='lat' dir='ltr'><strong>necessariis</strong></span> <span class='ocrx_word' id='word_1_455' title='bbox 2311 2270 2452 2312; x_wconf 88' lang='lat' dir='ltr'><strong>usibus</strong></span> 
     </span>
     <span class='ocr_line' id='line_1_36' title="bbox 177 2335 2451 2388; baseline 0.001 -12"><span class='ocrx_word' id='word_1_456' title='bbox 177 2335 366 2385; x_wconf 86' lang='lat' dir='ltr'><strong>sufficiat,</strong></span> <span class='ocrx_word' id='word_1_457' title='bbox 405 2337 476 2377; x_wconf 88' lang='lat' dir='ltr'><strong>sed</strong></span> <span class='ocrx_word' id='word_1_458' title='bbox 497 2337 613 2377; x_wconf 90' lang='lat' dir='ltr'><strong>sitin</strong></span> <span class='ocrx_word' id='word_1_459' title='bbox 634 2340 835 2387; x_wconf 89' lang='lat' dir='ltr'><strong>apparatu</strong></span> <span class='ocrx_word' id='word_1_460' title='bbox 866 2337 952 2377; x_wconf 91' lang='lat' dir='ltr'><strong>eius</strong></span> <span class='ocrx_word' id='word_1_461' title='bbox 983 2341 1025 2377; x_wconf 91' lang='lat' dir='ltr'><strong>et</strong></span> <span class='ocrx_word' id='word_1_462' title='bbox 1054 2349 1193 2377; x_wconf 89' lang='lat' dir='ltr'><strong>aurum</strong></span> <span class='ocrx_word' id='word_1_463' title='bbox 1225 2340 1267 2377; x_wconf 91' lang='lat' dir='ltr'><strong>et</strong></span> <span class='ocrx_word' id='word_1_464' title='bbox 1297 2349 1490 2387; x_wconf 83' lang='lat' dir='ltr'><strong>gemmae,</strong></span> <span class='ocrx_word' id='word_1_465' title='bbox 1522 2341 1568 2377; x_wconf 92' lang='lat' dir='ltr'><strong>ut</strong></span> <span class='ocrx_word' id='word_1_466' title='bbox 1597 2348 1754 2378; x_wconf 88' lang='lat' dir='ltr'><strong>sumere</strong></span> <span class='ocrx_word' id='word_1_467' title='bbox 1784 2338 1825 2378; x_wconf 91' lang='lat' dir='ltr'><strong>in</strong></span> <span class='ocrx_word' id='word_1_468' title='bbox 1855 2350 1999 2378; x_wconf 90' lang='lat' dir='ltr'><strong>manus</strong></span> <span class='ocrx_word' id='word_1_469' title='bbox 2029 2341 2072 2379; x_wconf 92' lang='lat' dir='ltr'><strong>et</strong></span> <span class='ocrx_word' id='word_1_470' title='bbox 2101 2338 2284 2388; x_wconf 88' lang='lat' dir='ltr'><strong>aspicere</strong></span> <span class='ocrx_word' id='word_1_471' title='bbox 2314 2337 2451 2378; x_wconf 87' lang='lat' dir='ltr'><strong>libeat.</strong></span> 
     </span>
     <span class='ocr_line' id='line_1_37' title="bbox 178 2401 1305 2455; baseline 0.002 -14"><span class='ocrx_word' id='word_1_472' title='bbox 178 2401 275 2442; x_wconf 88' lang='lat' dir='ltr'><strong>Cum</strong></span> <span class='ocrx_word' id='word_1_473' title='bbox 306 2402 368 2443; x_wconf 88' lang='lat' dir='ltr'><strong>his</strong></span> <span class='ocrx_word' id='word_1_474' title='bbox 399 2415 607 2455; x_wconf 88' lang='lat' dir='ltr'><strong>compares</strong></span> <span class='ocrx_word' id='word_1_475' title='bbox 637 2415 687 2444; x_wconf 89' lang='lat' dir='ltr'><strong>ex</strong></span> <span class='ocrx_word' id='word_1_476' title='bbox 716 2403 839 2445; x_wconf 89' lang='lat' dir='ltr'><strong>Plinii</strong></span> <span class='ocrx_word' id='word_1_477' title='bbox 870 2403 1046 2454; x_wconf 88' lang='lat' dir='ltr'><strong>epistula</strong></span> <span class='ocrx_word' id='word_1_478' title='bbox 1074 2402 1098 2455; x_wconf 62' lang='grc' dir='ltr'>ξ</span> <span class='ocrx_word' id='word_1_479' title='bbox 1132 2408 1305 2444; x_wconf 83' lang='grc'><strong>15-19,</strong></span> 
     </span>
    </p>

    <p class='ocr_par' dir='ltr' id='par_1_14' title="bbox 176 2470 2458 2791">
     <span class='ocr_line' id='line_1_38' title="bbox 378 2470 2457 2522; baseline 0 -13"><span class='ocrx_word' id='word_1_480' title='bbox 378 2470 518 2519; x_wconf 89' lang='lat' dir='ltr'><strong>Neque</strong></span> <span class='ocrx_word' id='word_1_481' title='bbox 546 2482 643 2511; x_wconf 87' lang='lat' dir='ltr'><strong>vero</strong></span> <span class='ocrx_word' id='word_1_482' title='bbox 674 2471 883 2520; x_wconf 90' lang='lat' dir='ltr'><strong>quisquam</strong></span> <span class='ocrx_word' id='word_1_483' title='bbox 913 2470 1137 2518; x_wconf 89' lang='lat' dir='ltr'><strong>mirabitur,</strong></span> <span class='ocrx_word' id='word_1_484' title='bbox 1177 2471 1282 2519; x_wconf 88' lang='lat' dir='ltr'><strong>quod</strong></span> <span class='ocrx_word' id='word_1_485' title='bbox 1322 2471 1448 2510; x_wconf 91' lang='lat' dir='ltr'><strong>multo</strong></span> <span class='ocrx_word' id='word_1_486' title='bbox 1484 2470 1605 2510; x_wconf 87' lang='lat' dir='ltr'><strong>etiam</strong></span> <span class='ocrx_word' id='word_1_487' title='bbox 1645 2471 1776 2521; x_wconf 88' lang='lat' dir='ltr'><strong>magis</strong></span> <span class='ocrx_word' id='word_1_488' title='bbox 1817 2483 1938 2520; x_wconf 89' lang='lat' dir='ltr'><strong>quam</strong></span> <span class='ocrx_word' id='word_1_489' title='bbox 1975 2473 2085 2522; x_wconf 90' lang='lat' dir='ltr'><strong>Aper</strong></span> <span class='ocrx_word' id='word_1_490' title='bbox 2120 2471 2311 2511; x_wconf 90' lang='lat' dir='ltr'><strong>Messalla</strong></span> <span class='ocrx_word' id='word_1_491' title='bbox 2347 2470 2457 2520; x_wconf 90' lang='lat' dir='ltr'><strong>apud</strong></span> 
     </span>
     <span class='ocr_line' id='line_1_39' title="bbox 179 2534 2454 2588; baseline 0.002 -13"><span class='ocrx_word' id='word_1_492' title='bbox 179 2534 364 2576; x_wconf 85' lang='lat' dir='ltr'><strong>Tacitum</strong></span> <span class='ocrx_word' id='word_1_493' title='bbox 395 2535 501 2577; x_wconf 92' lang='lat' dir='ltr'><strong>idem</strong></span> <span class='ocrx_word' id='word_1_494' title='bbox 531 2537 686 2578; x_wconf 87' lang='lat' dir='ltr'><strong>sentiat</strong></span> <span class='ocrx_word' id='word_1_495' title='bbox 713 2549 762 2578; x_wconf 87' lang='lat' dir='ltr'><strong>ac</strong></span> <span class='ocrx_word' id='word_1_496' title='bbox 790 2536 959 2578; x_wconf 90' lang='lat' dir='ltr'><strong>Plinius.</strong></span> <span class='ocrx_word' id='word_1_497' title='bbox 1018 2537 1097 2577; x_wconf 90' lang='lat' dir='ltr'><strong>Est</strong></span> <span class='ocrx_word' id='word_1_498' title='bbox 1126 2537 1229 2578; x_wconf 89' lang='lat' dir='ltr'><strong>enim</strong></span> <span class='ocrx_word' id='word_1_499' title='bbox 1264 2537 1459 2578; x_wconf 91' lang='lat' dir='ltr'><strong>Messalla</strong></span> <span class='ocrx_word' id='word_1_500' title='bbox 1495 2549 1548 2578; x_wconf 88' lang='lat' dir='ltr'><strong>ex</strong></span> <span class='ocrx_word' id='word_1_501' title='bbox 1577 2537 1648 2586; x_wconf 90' lang='lat' dir='ltr'><strong>eis,</strong></span> <span class='ocrx_word' id='word_1_502' title='bbox 1685 2537 1754 2587; x_wconf 92' lang='lat' dir='ltr'><strong>qui</strong></span> <span class='ocrx_word' id='word_1_503' title='bbox 1783 2537 1972 2579; x_wconf 90' lang='lat' dir='ltr'><strong>similiter</strong></span> <span class='ocrx_word' id='word_1_504' title='bbox 2000 2550 2048 2579; x_wconf 97' lang='grc'><strong>00</strong></span> <span class='ocrx_word' id='word_1_505' title='bbox 2077 2537 2233 2579; x_wconf 91' lang='lat' dir='ltr'><strong>Plinius</strong></span> <span class='ocrx_word' id='word_1_506' title='bbox 2263 2536 2331 2588; x_wconf 83' lang='lat' dir='ltr'><strong>(cf.</strong></span> <span class='ocrx_word' id='word_1_507' title='bbox 2362 2548 2454 2587; x_wconf 87' lang='lat' dir='ltr'><strong>epp.</strong></span> 
     </span>
     <span class='ocr_line' id='line_1_40' title="bbox 176 2600 2457 2655; baseline 0.001 -14"><span class='ocrx_word' id='word_1_508' title='bbox 176 2600 248 2650; x_wconf 91' lang='lat' dir='ltr'><strong>VI,</strong></span> <span class='ocrx_word' id='word_1_509' title='bbox 282 2601 394 2655; x_wconf 83' lang='lat'><strong>21,1)</strong></span> <span class='ocrx_word' id='word_1_510' title='bbox 424 2604 625 2654; x_wconf 88' lang='lat' dir='ltr'><strong>antiquos,</strong></span> <span class='ocrx_word' id='word_1_511' title='bbox 657 2604 840 2655; x_wconf 90' lang='lat' dir='ltr'><strong>inprimis</strong></span> <span class='ocrx_word' id='word_1_512' title='bbox 870 2604 1104 2645; x_wconf 87' lang='lat' dir='ltr'><strong>Ciceronem</strong></span> <span class='ocrx_word' id='word_1_513' title='bbox 1133 2608 1343 2644; x_wconf 89' lang='lat' dir='ltr'><strong>sectantur</strong></span> <span class='ocrx_word' id='word_1_514' title='bbox 1373 2608 1416 2644; x_wconf 89' lang='lat' dir='ltr'><strong>et</strong></span> <span class='ocrx_word' id='word_1_515' title='bbox 1436 2606 1693 2645; x_wconf 82' lang='lat' dir='ltr'><strong>aemulantur</strong></span> <span class='ocrx_word' id='word_1_516' title='bbox 1722 2617 1852 2655; x_wconf 90' lang='lat' dir='ltr'><strong>neque</strong></span> <span class='ocrx_word' id='word_1_517' title='bbox 1881 2610 1977 2645; x_wconf 91' lang='lat' dir='ltr'><strong>sunt</strong></span> <span class='ocrx_word' id='word_1_518' title='bbox 2011 2605 2192 2646; x_wconf 89' lang='lat' dir='ltr'><strong>contenti</strong></span> <span class='ocrx_word' id='word_1_519' title='bbox 2227 2602 2457 2653; x_wconf 84' lang='lat' dir='ltr'><strong>eloquentia</strong></span> 
     </span>
     <span class='ocr_line' id='line_1_41' title="bbox 179 2668 2454 2724; baseline 0.001 -16"><span class='ocrx_word' id='word_1_520' title='bbox 179 2668 243 2709; x_wconf 90' lang='lat' dir='ltr'><strong>sui</strong></span> <span class='ocrx_word' id='word_1_521' title='bbox 272 2670 425 2711; x_wconf 86' lang='lat' dir='ltr'><strong>saeculi</strong></span> <span class='ocrx_word' id='word_1_522' title='bbox 445 2671 566 2722; x_wconf 88' lang='lat' dir='ltr'><strong>(Plin.</strong></span> <span class='ocrx_word' id='word_1_523' title='bbox 590 2684 680 2723; x_wconf 90' lang='lat' dir='ltr'><strong>epp.</strong></span> <span class='ocrx_word' id='word_1_524' title='bbox 702 2672 734 2721; x_wconf 89' lang='lat' dir='ltr'><strong>I,</strong></span> <span class='ocrx_word' id='word_1_525' title='bbox 769 2672 1003 2721; x_wconf 84' lang='lat'><strong>5,11—-12).</strong></span> <span class='ocrx_word' id='word_1_526' title='bbox 1061 2671 1190 2724; x_wconf 82' lang='lat' dir='ltr'><strong>Quam</strong></span> <span class='ocrx_word' id='word_1_527' title='bbox 1217 2671 1377 2722; x_wconf 88' lang='lat' dir='ltr'><strong>quidem</strong></span> <span class='ocrx_word' id='word_1_528' title='bbox 1397 2673 1446 2713; x_wconf 89' lang='lat' dir='ltr'><strong>ob</strong></span> <span class='ocrx_word' id='word_1_529' title='bbox 1476 2671 1719 2714; x_wconf 84' lang='lat' dir='ltr'><strong>affinitatem</strong></span> <span class='ocrx_word' id='word_1_530' title='bbox 1745 2672 1897 2724; x_wconf 88' lang='lat' dir='ltr'><strong>ingenii</strong></span> <span class='ocrx_word' id='word_1_531' title='bbox 1916 2672 2109 2714; x_wconf 88' lang='lat' dir='ltr'><strong>Messalla</strong></span> <span class='ocrx_word' id='word_1_532' title='bbox 2128 2671 2235 2722; x_wconf 88' lang='lat' dir='ltr'><strong>apud</strong></span> <span class='ocrx_word' id='word_1_533' title='bbox 2255 2670 2454 2720; x_wconf 83' lang='lat' dir='ltr'><strong>Tacitum,</strong></span> 
     </span>
     <span class='ocr_line' id='line_1_42' title="bbox 178 2735 2458 2791; baseline 0.001 -16"><span class='ocrx_word' id='word_1_534' title='bbox 178 2737 226 2775; x_wconf 91' lang='lat' dir='ltr'><strong>ut</strong></span> <span class='ocrx_word' id='word_1_535' title='bbox 254 2735 412 2779; x_wconf 91' lang='lat' dir='ltr'><strong>Plinius</strong></span> <span class='ocrx_word' id='word_1_536' title='bbox 447 2738 489 2779; x_wconf 89' lang='lat' dir='ltr'><strong>in</strong></span> <span class='ocrx_word' id='word_1_537' title='bbox 525 2738 597 2780; x_wconf 86' lang='lat' dir='ltr'><strong>illa</strong></span> <span class='ocrx_word' id='word_1_538' title='bbox 632 2738 820 2790; x_wconf 87' lang='lat' dir='ltr'><strong>epistula,</strong></span> <span class='ocrx_word' id='word_1_539' title='bbox 851 2750 901 2779; x_wconf 89' lang='lat' dir='ltr'><strong>ex</strong></span> <span class='ocrx_word' id='word_1_540' title='bbox 930 2738 1101 2780; x_wconf 85' lang='lat' dir='ltr'><strong>Graecis</strong></span> <span class='ocrx_word' id='word_1_541' title='bbox 1131 2739 1456 2788; x_wconf 90' lang='lat' dir='ltr'><strong>Demosthenem,</strong></span> <span class='ocrx_word' id='word_1_542' title='bbox 1494 2739 1749 2789; x_wconf 89' lang='lat' dir='ltr'><strong>Aeschinem,</strong></span> <span class='ocrx_word' id='word_1_543' title='bbox 1787 2738 2036 2791; x_wconf 89' lang='lat' dir='ltr'><strong>Hyperidem</strong></span> <span class='ocrx_word' id='word_1_544' title='bbox 2073 2740 2265 2787; x_wconf 87' lang='lat' dir='ltr'><strong>ostentat,</strong></span> <span class='ocrx_word' id='word_1_545' title='bbox 2304 2737 2458 2789; x_wconf 83' lang='lat' dir='ltr'><strong>primas</strong></span> 
     </span>
    </p>
   </div>
   <div class='ocr_carea' id='block_1_14' title="bbox 178 2803 2512 2863">
    <p class='ocr_par' dir='ltr' id='par_1_15' title="bbox 178 2803 2512 2863">
     <span class='ocr_line' id='line_1_43' title="bbox 178 2803 2512 2863; baseline 0.003 -21"><span class='ocrx_word' id='word_1_546' title='bbox 178 2803 257 2852; x_wconf 87' lang='lat' dir='ltr'><strong>(cp.</strong></span> <span class='ocrx_word' id='word_1_547' title='bbox 282 2807 402 2854; x_wconf 84' lang='lat'>25‚11</span> <span class='ocrx_word' id='word_1_548' title='bbox 435 2803 513 2858; x_wconf 91' lang='lat' dir='ltr'><strong>sq.)</strong></span> <span class='ocrx_word' id='word_1_549' title='bbox 543 2806 651 2846; x_wconf 89' lang='lat' dir='ltr'><strong>inter</strong></span> <span class='ocrx_word' id='word_1_550' title='bbox 671 2806 833 2846; x_wconf 89' lang='lat' dir='ltr'><strong>Atticos</strong></span> <span class='ocrx_word' id='word_1_551' title='bbox 862 2810 1044 2847; x_wconf 89' lang='lat' dir='ltr'><strong>oratores</strong></span> <span class='ocrx_word' id='word_1_552' title='bbox 1070 2806 1346 2855; x_wconf 92' lang='lat' dir='ltr'><strong>Demostheni,</strong></span> <span class='ocrx_word' id='word_1_553' title='bbox 1379 2807 1601 2857; x_wconf 90' lang='lat' dir='ltr'><strong>proximum</strong></span> <span class='ocrx_word' id='word_1_554' title='bbox 1631 2807 1761 2846; x_wconf 92' lang='lat' dir='ltr'><strong>locum</strong></span> <span class='ocrx_word' id='word_1_555' title='bbox 1787 2806 1976 2846; x_wconf 87' lang='lat' dir='ltr'><strong>Aeschini</strong></span> <span class='ocrx_word' id='word_1_556' title='bbox 2005 2809 2047 2845; x_wconf 90' lang='lat' dir='ltr'><strong>et</strong></span> <span class='ocrx_word' id='word_1_557' title='bbox 2065 2804 2263 2855; x_wconf 84' lang='lat' dir='ltr'><strong>Hyperidi</strong></span> <span class='ocrx_word' id='word_1_558' title='bbox 2292 2803 2456 2863; x_wconf 70' lang='lat' dir='ltr'><strong>tribuit3</strong></span> <span class='ocrx_word' id='word_1_559' title='bbox 2500 2834 2512 2848; x_wconf 87' lang='lat'><strong>.</strong></span> 
     </span>
    </p>
   </div>
   <div class='ocr_carea' id='block_1_15' title="bbox 178 2864 2460 2924">
    <p class='ocr_par' dir='ltr' id='par_1_16' title="bbox 178 2864 2460 2924">
     <span class='ocr_line' id='line_1_44' title="bbox 178 2864 2460 2924; baseline 0.002 -17"><span class='ocrx_word' id='word_1_560' title='bbox 178 2871 225 2908; x_wconf 90' lang='lat' dir='ltr'><strong>ut</strong></span> <span class='ocrx_word' id='word_1_561' title='bbox 252 2869 412 2912; x_wconf 89' lang='lat' dir='ltr'><strong>Plinius</strong></span> <span class='ocrx_word' id='word_1_562' title='bbox 446 2884 498 2913; x_wconf 88' lang='lat' dir='ltr'><strong>ex</strong></span> <span class='ocrx_word' id='word_1_563' title='bbox 531 2873 724 2914; x_wconf 90' lang='lat' dir='ltr'><strong>Romanis</strong></span> <span class='ocrx_word' id='word_1_564' title='bbox 760 2873 981 2923; x_wconf 89' lang='lat' dir='ltr'><strong>Polionem‚</strong></span> <span class='ocrx_word' id='word_1_565' title='bbox 1019 2874 1246 2922; x_wconf 88' lang='lat' dir='ltr'><strong>Caesarem,</strong></span> <span class='ocrx_word' id='word_1_566' title='bbox 1283 2873 1473 2922; x_wconf 85' lang='lat' dir='ltr'><strong>Caelium,</strong></span> <span class='ocrx_word' id='word_1_567' title='bbox 1512 2873 1694 2924; x_wconf 90' lang='lat' dir='ltr'><strong>inprimis</strong></span> <span class='ocrx_word' id='word_1_568' title='bbox 1729 2874 1783 2914; x_wconf 90' lang='lat' dir='ltr'><strong>M.</strong></span> <span class='ocrx_word' id='word_1_569' title='bbox 1815 2873 1989 2914; x_wconf 86' lang='lat' dir='ltr'><strong>Tullium</strong></span> <span class='ocrx_word' id='word_1_570' title='bbox 2024 2870 2256 2912; x_wconf 86' lang='lat' dir='ltr'><strong>adversario</strong></span> <span class='ocrx_word' id='word_1_571' title='bbox 2291 2864 2460 2922; x_wconf 86' lang='lat' dir='ltr'><strong>opponit</strong></span> 
     </span>
    </p>
   </div>
   <div class='ocr_carea' id='block_1_16' title="bbox 179 2932 2506 2992">
    <p class='ocr_par' dir='ltr' id='par_1_17' title="bbox 179 2932 2506 2992">
     <span class='ocr_line' id='line_1_45' title="bbox 179 2932 2506 2992; baseline 0 -15"><span class='ocrx_word' id='word_1_572' title='bbox 179 2932 222 2987; x_wconf 65' lang='grc' dir='ltr'><strong>(ξ</strong></span> <span class='ocrx_word' id='word_1_573' title='bbox 262 2938 314 2986; x_wconf 89' lang='grc'><strong>4),</strong></span> <span class='ocrx_word' id='word_1_574' title='bbox 359 2937 417 2979; x_wconf 90' lang='grc'><strong>810</strong></span> <span class='ocrx_word' id='word_1_575' title='bbox 451 2939 648 2981; x_wconf 88' lang='lat' dir='ltr'><strong>Messalla</strong></span> <span class='ocrx_word' id='word_1_576' title='bbox 684 2939 915 2982; x_wconf 87' lang='lat' dir='ltr'><strong>Ciceronem</strong></span> <span class='ocrx_word' id='word_1_577' title='bbox 952 2944 1110 2983; x_wconf 88' lang='lat' dir='ltr'><strong>ceteros</strong></span> <span class='ocrx_word' id='word_1_578' title='bbox 1145 2940 1359 2983; x_wconf 90' lang='lat' dir='ltr'><strong>eorundem</strong></span> <span class='ocrx_word' id='word_1_579' title='bbox 1400 2944 1620 2992; x_wconf 89' lang='lat' dir='ltr'><strong>temporum</strong></span> <span class='ocrx_word' id='word_1_580' title='bbox 1664 2940 1838 2981; x_wconf 86' lang='lat' dir='ltr'><strong>disertos</strong></span> <span class='ocrx_word' id='word_1_581' title='bbox 1872 2938 2149 2987; x_wconf 85' lang='lat' dir='ltr'><strong>antecessisse,</strong></span> <span class='ocrx_word' id='word_1_582' title='bbox 2192 2937 2284 2980; x_wconf 87' lang='lat' dir='ltr'><strong>aliis</strong></span> <span class='ocrx_word' id='word_1_583' title='bbox 2319 2940 2458 2979; x_wconf 88' lang='lat' dir='ltr'><strong>autem</strong></span> <span class='ocrx_word' id='word_1_584' title='bbox 2503 2947 2506 2950; x_wconf 88' lang='grc'><strong><em>·</em></strong></span> 
     </span>
    </p>
   </div>
   <div class='ocr_carea' id='block_1_17' title="bbox 2587 0 2708 223">
    <p class='ocr_par' dir='ltr' id='par_1_18' title="bbox 2587 0 2708 223">
     <span class='ocr_line' id='line_1_46' title="bbox 2587 0 2708 223; baseline 0 3116"><span class='ocrx_word' id='word_1_585' title='bbox 2587 0 2708 223; x_wconf 95' lang='lat' dir='ltr'><strong> </strong></span> 
     </span>
    </p>
   </div>
   <div class='ocr_carea' id='block_1_18' title="bbox 2626 3 2708 400">
    <p class='ocr_par' dir='ltr' id='par_1_19' title="bbox 2626 3 2708 400">
     <span class='ocr_line' id='line_1_47' title="bbox 2631 3 2663 48; baseline 0.031 -7"><span class='ocrx_word' id='word_1_586' title='bbox 2631 3 2663 48; x_wconf 48' lang='lat'><strong>122:</strong></span> 
     </span>
     <span class='ocr_line' id='line_1_48' title="bbox 2643 45 2708 85; baseline 0 -22"><span class='ocrx_word' id='word_1_587' title='bbox 2643 49 2670 85; x_wconf 43' lang='grc' dir='ltr'><strong>ξ,-</strong></span> <span class='ocrx_word' id='word_1_588' title='bbox 2690 45 2708 63; x_wconf 62' lang='lat'><strong>*4</strong></span> 
     </span>
     <span class='ocr_line' id='line_1_49' title="bbox 2633 92 2708 136; baseline -0.08 0"><span class='ocrx_word' id='word_1_589' title='bbox 2633 92 2696 136; x_wconf 61' lang='grc' dir='ltr'><strong>ἳᾳ-ῗι.</strong></span> <span class='ocrx_word' id='word_1_590' title='bbox 2704 124 2708 130; x_wconf 89' lang='grc'>.</span> 
     </span>
     <span class='ocr_line' id='line_1_50' title="bbox 2626 212 2708 259; baseline 0.073 -5"><span class='ocrx_word' id='word_1_591' title='bbox 2626 212 2708 259; x_wconf 88' lang='grc' dir='ltr'><em>ζέε</em></span> 
     </span>
     <span class='ocr_line' id='line_1_51' title="bbox 2626 259 2708 299; baseline 0.012 -6"><span class='ocrx_word' id='word_1_592' title='bbox 2626 290 2629 293; x_wconf 88' lang='grc'>.</span> <span class='ocrx_word' id='word_1_593' title='bbox 2647 259 2708 299; x_wconf 54' lang='lat'><strong>23³3}</strong></span> 
     </span>
     <span class='ocr_line' id='line_1_52' title="bbox 2692 388 2708 400; baseline 0 -7"><span class='ocrx_word' id='word_1_594' title='bbox 2692 388 2708 400; x_wconf 70' lang='lat'><strong>,.</strong></span> 
     </span>
    </p>
   </div>
   <div class='ocr_carea' id='block_1_19' title="bbox 2458 2672 2708 3022">
    <p class='ocr_par' dir='ltr' id='par_1_20' title="bbox 2458 2672 2708 3022">
     <span class='ocr_line' id='line_1_53' title="bbox 2636 2672 2708 2819; baseline 0 0"><span class='ocrx_word' id='word_1_595' title='bbox 2636 2672 2708 2819; x_wconf 95' lang='lat' dir='ltr'><strong>  </strong></span> 
     </span>
     <span class='ocr_line' id='line_1_54' title="bbox 2458 2819 2708 3022; baseline 0 0"><span class='ocrx_word' id='word_1_596' title='bbox 2458 2819 2708 3022; x_wconf 95' lang='lat' dir='ltr'><strong>   </strong></span> 
     </span>
    </p>
   </div>
  </div>
 </body>
</html>
