2708 3339
1285 200 1418 278 *XVII

634 388 650 398 α
689 369 819 420 Quam
849 370 954 411 satis
984 374 1060 419 est,
1090 369 1294 411 interdum
1324 370 1458 413 aliena
1488 369 1660 411 sumitur
1689 380 1794 410 arca.

690 437 904 478 Commune
933 436 975 476 id
1005 436 1148 477 vitium
1179 441 1254 485 est,
1285 436 1350 476 hic
1378 436 1553 476 vivimus
1583 435 1797 475 ambitiosa

688 502 939 557 Paupertate
969 514 1119 544 omnes.

220 571 278 615 cf.
311 570 488 613 eiusdem
519 573 682 610 saturae
712 573 864 610 ν.124
895 582 952 619 511.
1012 568 1327 611 Provincialium
1357 569 1483 620 igitur
1512 568 1682 620 legimus
1717 569 1987 610 nobilissimos
2016 572 2060 610 et
2087 568 2359 622 magistratus
2387 569 2493 612 tuni-

222 643 347 687 catos,
391 650 471 678 6011
505 640 667 688 togatos
704 636 930 685 incessisse,
977 648 1106 685 neque
1142 648 1377 685 quemquam
1414 636 1455 675 in
1491 647 1638 686 magna
1674 640 1790 685 parte
1820 636 1967 675 Italiae
1996 640 2134 687 togam
2164 636 2386 688 sumpsisse
2415 635 2494 677 nisi

220 709 420 748 mortuum
451 708 495 744 et
523 704 590 744 vel
610 703 752 745 diebus
782 702 992 751 ferialibus
1022 703 1186 743 summis
1216 703 1417 743 aedilibus
1447 703 1562 742 albas
1593 701 1796 742 suffecisse
1826 702 1999 752 tunicas,
2033 714 2122 742 cum
2142 701 2299 757 Romae
2318 701 2386 750 (cf.
2407 702 2494 748 Sat.

218 772 298 820 III,
331 783 368 811 v.
404 770 512 823 125),
550 782 751 820 pauperes
787 770 998 810 ridiculum
1034 771 1074 810 in
1110 769 1268 810 modum
1298 770 1365 810 vel
1395 772 1512 809 nocte
1541 768 1673 819 togati
1703 772 1911 809 currerent
1940 773 1982 810 61
2011 780 2150 811 omnes
2179 768 2495 823 nimiosumptu

223 838 267 878 in
299 842 459 886 turpem
490 840 772 885 paupertatem
799 836 1124 891 detruderentur.
1186 836 1265 876 Sed
1294 836 1392 876 licet
1421 836 1560 875 rhetor
1588 835 1868 885 pauperrimus
1897 835 1968 875 bili
1996 835 2115 876 nimis
2145 835 2374 884 indulserit,
2405 844 2496 878 cum

221 903 417 945 urbanam
449 901 778 942 consuetudinem
811 903 1063 951 simplicitati
1084 902 1321 952 provinciali
1343 906 1531 951 opponat,
1563 906 1699 940 tamen
1720 902 1811 940 inde
1833 903 1905 941 sub
1926 903 2101 945 Traiano
2117 914 2309 952 magnam
2329 903 2495 943 habitus

220 968 460 1011 discordiam
489 968 615 1009 fuisse
645 968 830 1010 efficitur.
894 968 983 1020 Qua
1012 982 1055 1009 re
1085 981 1173 1009 cum
1205 981 1253 1009 ea
1283 973 1422 1009 aetate
1452 972 1494 1008 et
1523 968 1669 1009 multos
1700 968 1968 1018 provinciales
1999 974 2041 1009 et
2077 969 2237 1018 multos,
2280 968 2350 1019 qui
2384 969 2496 1011 vitae

220 1037 419 1077 castrensi
450 1041 492 1076 et
522 1036 735 1076 itineribus
765 1035 1029 1086 paenulisque
1059 1036 1349 1085 assuevissent,
1381 1035 1549 1075 Romam
1582 1034 1823 1075 confluxisse
1853 1039 2024 1086 constet,
2053 1035 2318 1087 paenularum
2338 1047 2495 1087 quoque

219 1117 368 1143 morem
399 1104 438 1142 in
472 1105 607 1143 urbem
641 1104 700 1142 ita
728 1104 928 1142 invasisse
958 1108 1068 1152 puto.
1112 1108 1157 1142 ut
1187 1103 1254 1150 ibi,
1299 1103 1366 1151 qui
1410 1103 1472 1141 ius
1502 1107 1622 1152 togae
1654 1103 1862 1150 haberent,
1906 1114 1993 1141 cum
2024 1114 2102 1142 non
2132 1102 2376 1154 magistratu
2405 1102 2495 1144 fun-

219 1164 423 1220 gerentur,
456 1163 682 1220 paenulam,
713 1182 792 1209 111111
822 1174 960 1219 togam
991 1173 1180 1218 gererent
1210 1174 1252 1208 et
1281 1169 1387 1217 apud
1417 1168 1568 1208 iudices
1598 1169 1807 1217 paenulati
1838 1181 1914 1208 non
1946 1169 2079 1218 togati
2110 1170 2300 1209 dicerent.
2361 1170 2497 1221 Quid?

223 1236 327 1286 quod
357 1235 500 1277 Aelius
531 1236 773 1286 Spartianus
814 1237 964 1287 (Peter,
1005 1236 1221 1287 scriptores
1257 1235 1350 1276 hist.
1384 1236 1488 1286 Aug.
1522 1234 1717 1276 Hadrian.
1760 1233 1872 1286 3,16)
1909 1235 2094 1276 tribunos
2129 1235 2259 1286 plebis
2294 1235 2500 1277 interdum

218 1304 400 1353 paenulis
431 1303 491 1343 uti
522 1305 596 1342 sub
627 1303 803 1342 Traiano
835 1303 971 1342 solitos
1003 1315 1091 1342 esse
1121 1303 1336 1342 memoriae
1366 1302 1528 1352 prodit?
1586 1302 1667 1342 Sub
1688 1301 1898 1341 Hadriano
1928 1304 2063 1342 autem
2094 1306 2303 1343 senatores
2333 1303 2399 1343 vel
2429 1302 2496 1346 (116

218 1369 363 1409 feriato
395 1369 544 1408 tunicis
575 1373 616 1408 et
637 1370 807 1409 lacernis
837 1370 1010 1416 indutos,
1042 1369 1083 1407 id
1114 1373 1177 1408 est
1207 1368 1357 1408 tunicis
1388 1368 1533 1408 cinctis
1563 1373 1604 1407 et
1633 1367 1816 1418 paenulis
1847 1380 1970 1418 supra
2000 1368 2160 1408 iniectis
2179 1381 2253 1419 per
2274 1369 2384 1409 urbis
2404 1369 2494 1410 vias

218 1436 423 1486 ingressos
462 1440 501 1476 et
540 1435 764 1475 huiusmodi
802 1435 995 1475 vestitum
1033 1436 1082 1475 de
1128 1436 1253 1474 multo
1297 1435 1376 1474 iam
1417 1447 1491 1474 usu
1533 1434 1809 1485 ignoscibilem
1851 1435 2093 1484 gravissimo
2136 1435 2234 1483 viro,
2281 1435 2493 1484 Castricio,

220 1503 448 1542 rhetoricae
491 1502 591 1542 artis
637 1502 803 1551 doctori,
835 1502 965 1543 visum
997 1514 1085 1542 esse
1116 1502 1286 1552 legimus
1317 1501 1384 1552 (cf.
1418 1502 1532 1542 Noct.
1556 1502 1642 1542 Att.
1663 1502 1782 1548 XIII,
1818 1501 1898 1552 22).
1958 1501 2114 1553 Quibus
2143 1504 2264 1543 rebus
2294 1502 2494 1544 adductus

220 1569 418 1620 Tacitum,
451 1582 555 1620 quae
572 1569 748 1611 Traiano
779 1569 1021 1620 impera-tore
1043 1569 1083 1609 in
1105 1581 1220 1609 usum
1249 1574 1454 1610 oratorum
1482 1574 1677 1617 verterat,
1710 1570 1749 1609 in
1768 1568 2009 1620 Vespasiani
2025 1574 2210 1620 tempora
2231 1569 2507 1623 transtulisse

218 1649 373 1685 censeo,
422 1642 468 1677 ut
510 1638 773 1686 paenularum
819 1648 973 1685 quoque
1013 1637 1177 1675 verbum
1216 1636 1555 1684 spectatissimum
1601 1636 1697 1675 mihi
1736 1636 1787 1674 ad
1823 1636 2088 1676 definiendam
2124 1636 2275 1687 dialogi
2316 1629 2494 1678 aetatem

218 1703 492 1742 adiumentum
524 1702 680 1743 afferat.

418 1770 570 1810 Eodem
608 1770 797 1820 pertinet,
845 1770 947 1818 quod
993 1770 1033 1809 in
1065 1769 1270 1809 Iuvenalis
1317 1769 1468 1809 saturis
1514 1770 1654 1809 eadem
1699 1782 1819 1820 saepe
1857 1774 1976 1819 atque
2006 1770 2047 1810 in
2077 1770 2238 1822 dialogo
2268 1772 2334 1811 vel
2362 1770 2493 1813 fusius

217 1842 452 1877 tractantur
481 1838 547 1877 vel
584 1837 723 1887 paucis
760 1842 1061 1886 percurruntur.
1129 1837 1196 1876 Ita
1231 1837 1369 1877 multis
1408 1837 1473 1876 ille
1509 1844 1671 1876 saturae
1708 1842 1876 1886 quartae
1912 1837 2090 1877 decimae
2125 1837 2308 1878 versibus
2344 1832 2494 1879 malam

216 1915 428 1952 puerorum
460 1904 735 1943 educationem
767 1904 975 1953 vituperat
995 1903 1061 1954 (cf.
1084 1903 1178 1942 dial.
1197 1914 1255 1951 611.
1273 1908 1323 1941 28
1342 1902 1439 1953 511.);
1470 1904 1544 1950 ΧΙ,
1569 1907 1646 1942 296
1669 1903 1834 1942 miseros
1865 1903 2124 1952 trepidosque
2145 1907 2268 1943 vocat
2286 1908 2490 1954 parentes,

217 1969 361 2018 quibus
392 1970 496 2009 filius
530 1969 706 2019 corporis
738 1969 892 2020 egregii
924 1969 989 2017 sit,
1023 1969 1115 2017 VII,
1150 1973 1229 2009 230
1261 1981 1349 2009 cum
1381 1968 1440 2008 eis
1471 1968 1697 2017 cavillatur,
1737 1968 1803 2018 qui
1834 1968 1954 2010 anxie
1986 1981 2132 2010 saevas
2161 1971 2492 2021 praeceptoribus

216 2036 327 2086 leges
358 2036 565 2086 imponant
605 2040 646 2076 et
676 2037 853 2087 exigant,
900 2040 946 2077 111
981 2048 1117 2077 omnes
1160 2036 1391 2087 disciplinas
1429 2035 1637 2076 hauserint
1673 2041 1714 2076 et
1752 2041 1942 2086 tanquam
1978 2036 2123 2088 pollice
2157 2041 2321 2078 teneros
2361 2050 2493 2081 mores

216 2103 366 2143 ducant
397 2110 449 2143 et.
482 2117 518 2152 q.
542 2117 573 2144 s.
635 2105 692 2144 Ut
712 2105 877 2144 Tacitus
898 2105 1011 2155 (dial.
1039 2109 1101 2151 15,
1131 2109 1192 2151 15,
1226 2117 1283 2154 cp.
1311 2109 1376 2147 29,
1400 2103 1440 2155 1)
1470 2104 1509 2143 111
1532 2105 1754 2144 Graeculos
1785 2109 1826 2143 et
1856 2105 2034 2144 Graecos
2065 2105 2252 2145 rhetoras
2282 2106 2489 2147 Iuvenalis

216 2170 279 2210 ira
309 2170 498 2210 incensus
528 2176 591 2213 est
622 2171 688 2218 (cf.
723 2172 855 2211 Satur.
888 2172 965 2219 III,
1009 2176 1059 2210 60
1092 2174 1187 2220 sq),
1224 2177 1269 2212 ut
1306 2171 1372 2210 ille
1410 2171 1572 2210 nimium
1611 2171 1707 2210 circi
1739 2172 1914 2210 studium
1945 2171 1986 2211 in
2017 2171 2136 2212 malis
2166 2173 2277 2213 urbis
2306 2173 2493 2214 maximis

220 2237 353 2278 hahet.
414 2237 481 2289 (cf.
514 2238 598 2285 Sat,
630 2239 682 2286 X,
718 2242 795 2279 124
827 2250 905 2288 sq.;
937 2238 1031 2278 dial.
1064 2251 1122 2288 cp.
1158 2242 1221 2286 29,
1259 2242 1307 2278 10
1339 2238 1418 2288 511.)

410 2304 545 2345 Plinii
567 2317 662 2345 vero
683 2305 879 2355 epistulas
906 2305 1043 2344 multis
1069 2306 1189 2345 rebus
1210 2317 1297 2345 cum
1320 2305 1478 2355 dialogo
1504 2305 1716 2345 convenire
1748 2306 1869 2345 semel
1898 2310 2020 2354 atque
2049 2305 2195 2346 iterum
2224 2310 2493 2348 monstratum

214 2375 289 2411 est.
349 2372 468 2411 Locis
489 2384 612 2421 supra
632 2372 696 2411 hic
717 2372 799 2412 illic
820 2372 957 2412 allatis
988 2372 1114 2411 addas
1136 2372 1265 2420 velim,
1289 2384 1391 2421 quae
1413 2372 1462 2411 de
1484 2371 1684 2411 discordia
1705 2383 1836 2411 eorum
1858 2372 2058 2420 dicuntur,
2091 2372 2159 2423 qui
2189 2361 2368 2414 contenti
2398 2379 2493 2415 sunt

215 2439 444 2487 eloquentia
475 2439 627 2478 saeculi
657 2444 696 2478 et
728 2439 870 2488 1111111115
901 2451 990 2479 cum
1012 2439 1202 2478 Cicerone
1233 2439 1451 2478 aemulatio
1482 2443 1555 2479 est.
1617 2440 1735 2489 (Epp.
1760 2439 1790 2480 I.
1826 2445 1860 2487 Γ),
1895 2443 1943 2479 11
1973 2440 2051 2489 511.)
2109 2433 2158 2481 Ϊ6
2187 2439 2298 2481 1111τὰ
2320 2441 2490 2492 septimo

212 2512 290 2555 (ep.
325 2510 387 2555 21,
423 2505 463 2556 1)
503 2506 637 2546 autem
669 2507 825 2546 Plinius
865 2519 913 2546 ex
950 2507 1007 2546 eis
1043 2518 1085 2545 se
1117 2518 1205 2546 esse
1236 2506 1345 2555 dicit,
1378 2507 1443 2555 qui
1479 2506 1673 2546 mirentur
1703 2507 1900 2555 antiquos,
1944 2519 2022 2547 non
2053 2512 2269 2552 tame-nnat
2294 2500 2489 2557 quosdam

215 2571 425 2622 despicere
459 2584 500 2612 se
533 2585 693 2613 suorum
727 2578 950 2623 temporum
978 2573 1152 2623 ingenia.
1212 2573 1350 2622 Neque
1371 2574 1473 2613 enim
1497 2573 1654 2613 effetam
1686 2573 1799 2622 quasi
1829 2577 2017 2614 naturam
2047 2573 2149 2614 nihil
2178 2574 2259 2615 iam
2288 2575 2492 2616 laudabile

212 2651 356 2687 parere
429 2641 517 2680 Illis
539 2653 563 2680 a
583 2641 723 2680 Tacito
744 2643 909 2690 Aprum,
943 2640 1004 2679 his
1026 2641 1258 2680 Messallam
1290 2646 1332 2680 et
1362 2640 1532 2680 Fabium
1564 2652 1716 2689 1111011116
1746 2641 1910 2680 ι1115111111
1941 2640 2112 2681 attribui
2142 2640 2210 2694 (cf.
2234 2641 2328 2683 dial.
2360 2654 2421 2693 cp.
2451 2638 2489 2691 I)

210 2707 382 2749 ostendi.
442 2709 554 2757 Aper
584 2708 687 2747 enim
717 2720 878 2747 suorum
908 2712 1132 2757 temporum
1163 2708 1429 2757 eloquentiam
1461 2708 1714 2755 antiquorum
1744 2707 1917 2756 ingeniis
1948 2708 2130 2748 antefert
2158 2720 2232 2748 nec
2260 2708 2487 2749 inauditum

214 2775 256 2811 et
286 2772 539 2813 indefensum
571 2785 685 2814 suum
715 2774 917 2813 saeculum
947 2773 1104 2824 patitur
1133 2773 1315 2814 damnari
1346 2774 1457 2826 (dial.
1492 2778 1525 2814 1.
1560 2778 1628 2822 213
1673 2778 1734 2821 lo,
1770 2772 1851 2825 14),
1891 2774 2040 2815 Justus
2069 2778 2205 2815 autem
2235 2775 2388 2815 Fabius
2418 2775 2487 2816 vix

209 2851 352 2879 nomen
381 2841 554 2880 oratoris
576 2840 742 2880 retineri
764 2844 882 2890 putat
912 2840 990 2891 (cp.
1014 2839 1073 2892 1),
1105 2842 1309 2889 Messalla,
1342 2853 1427 2880 cum
1450 2846 1591 2880 vetera
1619 2845 1776 2880 tantum
1808 2841 2043 2890 admiretur,
2077 2853 2234 2881 suorum
2266 2846 2489 2892 temporum

208 2906 344 2947 studia
374 2906 542 2948 irridere
572 2911 694 2957 atque
725 2913 980 2949 contemnere
1009 2920 1089 2949 non
1119 2908 1269 2949 desinit
1300 2907 1413 2960 (dial.
1447 2920 1505 2958 cp.
1542 2913 1603 2955 15,
1636 2920 1700 2958 cp.
1734 2912 1798 2956 33,
1832 2911 1885 2948 34
1914 2912 2004 2958 sq).

410 2974 654 3025 Saepissime
683 2979 898 3026 praeterea
926 2975 1078 3016 Plinius
1108 2975 1247 3016 eadem
1278 2974 1460 3025 queritur
1490 2978 1612 3025 atque
1641 2975 1821 3016 Tacitus.
1882 2976 1949 3017 Ita
1978 2976 2185 3028 vituperat
2214 2980 2256 3016 et
2284 2980 2488 3018 oratorum

208 3044 250 3079 et
279 3040 454 3082 iudicum
485 3054 581 3082 suae
610 3043 760 3083 aetatis
789 3043 1116 3083 consuetudinem
1151 3043 1268 3083 binas
1309 3043 1374 3083 vel
1412 3042 1607 3093 singulas,
1652 3043 1855 3084 interdum
1885 3044 2009 3084 etiam
2038 3043 2223 3084 dimidias
2252 3044 2489 3096 clepsydras

206 3110 250 3147 et
289 3107 411 3149 dandi
453 3114 495 3149 et
532 3109 700 3161 petendi
736 3110 805 3164 (cf.
837 3110 908 3160 VI,
949 3115 986 3160 2,
1021 3116 1043 3150 5
1075 3110 1166 3163 sq).
1225 3110 1326 3151 Nam
1357 3115 1398 3150 et
1428 3122 1508 3155 eos,
1541 3110 1608 3160 qui
1639 3110 1788 3160 dicant,
1829 3111 1963 3162 egisse
2001 3111 2119 3152 malle
2148 3115 2192 3151 et
2221 3110 2289 3161 qui
2317 3110 2489 3157 audiant

2200 3190 2220 3222 3

2638 3298 2668 3318 n,
2667 3297 2708 3313 rrrr
