2708 3339
830 93 847 112 ο
934 85 936 87 ’
1275 99 1336 154 VI

158 457 327 496 Pmrsus
346 445 511 487 Sllentlo
531 445 926 498 praetermittuntur.
982 445 1152 488 Tacitus
1173 449 1308 488 autem
1337 446 1472 498 specie
1492 457 1560 488 eos
1581 446 1813 499 dissimiles,
1845 458 1995 500 genere
2012 415 2247 491 consentire
2263 438 2480 505 um
2313 439 2332 450 ‘
2423 429 2427 432 ⁴
2465 423 2484 459 ξ’

159 523 238 563 (lue
278 523 416 553 omnes
450 513 670 554 sanitatem
711 516 753 553 et
787 513 982 564 optimum
1018 497 1436 565 perfectissimamque
1472 513 1634 554 dicendi
1669 526 1799 565 genus
1839 526 1940 566 prae
1980 525 2025 556 se
2053 513 2200 558 tulisse
2228 507 2385 557 61·””’”
2383 521 2386 523 ’

159 578 229 630 (cf.
253 591 315 631 cp.
339 583 404 630 25,
438 579 521 632 21).
578 579 644 621 Ex
673 580 972 630 antiquioribus
1002 580 1146 622 doctus
1177 580 1246 621 ille
1277 581 1394 621 1101110
1424 581 1533 632 apud
1562 580 1740 622 Plinium
1769 581 1977 623 Gracchos
2007 585 2051 624 et
2079 582 2273 626 Catonem
2302 580 2554 636 {audagssj
2691 561 2695 565 .

156 644 204 699 (ξ
235 645 280 699 4)
316 658 484 696 quorum
521 646 780 688 circumcisas
817 647 1021 688 orationes
1060 647 1137 688 nisi
1176 648 1217 688 in
1248 647 1551 699 angustissimis
1581 648 1717 689 causis
1746 647 1908 690 Plinius
1936 661 2017 691 non
2046 650 2216 701 probat.
2262 640 2471 696 Messalla
2548 646 2562 678 ἶ

160 715 298 754 autem
329 713 388 754 eis
417 713 591 764 aliisque
621 725 757 754 eorum
786 715 1011 765 temporum
1042 714 1269 755 oratoribus
1308 713 1485 755 defuisse
1522 714 1721 764 quaedam
1758 719 1874 756 ratus
1905 714 1990 768 (25,
1996 714 2078 769 34),
2109 727 2199 758 cum
2229 712 2469 768 eloquentia·

161 780 295 821 adhuc
323 783 576 829 nasceretur,
607 780 728 821 malle
758 792 802 821 se
833 784 967 821 tamen
999 781 1040 820 (J.
1065 780 1239 821 Gracchi
1269 781 1462 831 impetum
1494 781 1597 821 confi
1623 785 1734 822 tetur
1764 793 1882 832 quam
1921 781 2176 824 calamistros
2203 782 2457 825 Maecenatis
2494 809 2503 823 2
2553 773 2560 817 ᾗ

160 852 234 888 aut
272 848 449 889 tinnitus
486 847 698 888 Gallionis,
759 847 870 888 Adeo
907 847 1049 887 melius
1091 859 1180 887 esse
1223 848 1447 888 orationem
1477 849 1543 888 vel
1581 848 1692 888 hirta
1729 852 1827 900 toga
1867 849 2037 890 induere
2072 861 2191 900 quam
2226 849 2378 892 fucatis
2412 853 2457 893 et

157 914 402 956 meretriciis
439 915 623 956 vestibus
652 913 863 966 insignire.
928 914 1068 963 Neque
1099 914 1205 954 enim
1237 914 1454 954 oratorium
1501 914 1636 964 istum,
1679 914 1797 955 immo
1839 915 1973 956 hercle
2013 928 2065 957 ne
2099 915 2258 958 virilem
2293 916 2454 967 quidem

158 982 310 1023 cultum
341 994 444 1033 esse,
478 993 555 1032 quo
592 981 774 1033 plerique
805 985 963 1022 actores
994 984 1163 1021 utantur
1193 980 1263 1030 ita,
1297 986 1342 1022 ut
1372 980 1544 1022 lascivia
1575 982 1786 1022 verborum
1817 986 1859 1023 et
1889 982 2060 1024 levitate
2089 983 2382 1026 sententiarum
2411 988 2456 1026 et
2491 1020 2495 1025 .

160 1049 327 1091 licentia
368 1049 671 1100 compositionis
712 1048 970 1089 histrionales
1012 1049 1150 1089 modos
1193 1049 1434 1099 exprimant.
1508 1049 1578 1090 Sin
1621 1061 1716 1089 vero
1760 1050 1917 1091 Plinius
1959 1051 2046 1091 sola
2087 1050 2366 1103 magnitudine
2409 1056 2456 1093 et

157 1117 425 1167 amplitudine
466 1116 752 1156 auctoritatem
795 1115 997 1165 quandam
1040 1117 1290 1156 orationibus
1336 1116 1431 1156 addi
1477 1121 1608 1166 putat,
1655 1129 1705 1157 116
1751 1116 1788 1157 61
1832 1117 1990 1166 quidem
2037 1118 2215 1169 opinioni
2260 1119 2455 1161 Messalla

157 1183 394 1234 assentitur,
427 1195 516 1224 cum
537 1183 632 1232 sint,
664 1182 772 1233 apud
794 1195 892 1232 quos
913 1183 1155 1223 adstrictum
1187 1186 1228 1222 et
1259 1184 1468 1223 collectum
1499 1188 1540 1223 et
1570 1183 1731 1235 singula
1760 1183 1900 1223 statim
1936 1188 2180 1235 argumenta
2210 1185 2454 1227 concludens

153 1261 282 1299 genus
318 1250 409 1299 plus
439 1249 533 1289 fidei
569 1252 786 1297 mereatur,
830 1249 932 1290 alios
968 1250 1060 1290 fusa
1096 1254 1139 1289 et
1180 1250 1406 1298 aequabilis
1449 1254 1491 1289 et
1533 1261 1582 1289 ex
1621 1249 1896 1291 communibus
1937 1250 2061 1291 ducta
2102 1250 2287 1293 sensibus
2321 1243 2469 1295 oratio.

153 1315 284 1367 magis
325 1315 502 1357 delectet
543 1315 611 1367 (cf.
649 1315 754 1356 Plin.
794 1316 817 1366 ξ
855 1319 880 1355 4
917 1320 959 1355 et
997 1321 1039 1365 ὃς
1081 1315 1175 1355 (1161.
1215 1327 1275 1366 cp.
1314 1320 1379 1365 31,
1420 1318 1501 1364 23).
1563 1315 1924 1357 Vehementissime
1955 1328 2052 1357 vero
2088 1315 2129 1357 in
2165 1328 2262 1358 suae
2299 1316 2453 1359 aetatis

153 1382 331 1424 disertos
352 1383 571 1432 invehitur,
602 1383 670 1433 qui
695 1383 735 1423 in
766 1383 1030 1433 paucissimos
1061 1394 1203 1423 sensus
1236 1388 1279 1422 et
1309 1387 1505 1432 angustas
1535 1384 1763 1423 sententias
1794 1383 2017 1424 detrudant
2046 1383 2316 1434 eloquentiam
2336 1385 2452 1427 velut

153 1451 366 1501 expulsam
388 1462 514 1501 regno
536 1462 620 1499 suo,
653 1454 710 1499 ut,
743 1461 846 1499 quae
868 1450 961 1489 olim
994 1449 1168 1489 omnium
1200 1449 1348 1488 artium
1371 1449 1530 1489 domina
1560 1448 1829 1499 pulcherrimo
1855 1449 2051 1490 comitatu
2071 1454 2238 1500 pectora
2257 1450 2447 1502 implerit,

153 1518 233 1559 iam
274 1517 512 1558 circumcisa
547 1522 590 1557 et
626 1521 840 1567 amputata
876 1516 1138 1568 (cf.P1in.§
1173 1521 1239 1555 lu:
1280 1520 1491 1566 amputata
1527 1516 1656 1556 oratio
1692 1520 1735 1556 et
1770 1515 1948 1568 abscisa)
1984 1516 2072 1557 sine
2108 1521 2320 1568 apparatu,
2360 1517 2450 1559 sine

155 1586 307 1627 honore
352 1584 470 1635 quasi
519 1597 569 1625 ex
616 1583 905 1625 sordidissimis
947 1595 993 1623 61
996 1582 1130 1623 tificns
1179 1583 1368 1623 discatui.
1446 1583 1563 1623 Hauc
1608 1594 1651 1623 se
1692 1582 1861 1634 piimam
1903 1586 1946 1624 et
1982 1583 2239 1635 praecipuam
2283 1595 2449 1626 causam

156 1652 363 1701 arbitrari,
386 1663 459 1693 6111
478 1652 519 1692 111
540 1654 704 1692 tantum
723 1651 775 1692 ab
797 1650 1028 1700 eloquentia
1049 1649 1237 1699 antiquoi
1241 1662 1304 1689 um
1327 1655 1531 1689 ‹›1··atoiu1n
1547 1650 1719 1690 Romani
1739 1650 1982 1691 recesserint
2001 1650 2069 1703 (cf.
2091 1651 2185 1691 dial.
2211 1655 2332 1701 32,18
2354 1650 2444 1705 sq.).

355 1720 447 1760 Huc
476 1719 604 1767 adice,
638 1718 742 1768 quod
763 1718 930 1758 Tacitus
962 1729 1117 1767 quoque
1139 1718 1372 1757 Messallam
1402 1717 1733 1758 consuetudinem
1764 1717 2001 1759 iudiciorum
2032 1719 2107 1759 sub
2136 1718 2449 1770 imperatoribus

151 1787 338 1838 graviter
368 1786 468 1826 facit
498 1789 767 1826 accusantem.
825 1785 1033 1825 Neminem
1074 1785 1177 1824 enim
1210 1785 1301 1824 olim
1333 1785 1442 1824 intra
1479 1785 1743 1834 paucissimas
1773 1785 1893 1826 horas
1922 1797 2113 1835 perorare
2143 1790 2326 1827 coactum
2355 1798 2448 1828 esse

149 1857 194 1894 et
227 1854 382 1895 liberas
422 1852 866 1903 comperendinationes
908 1851 1033 1892 fuisse
1071 1856 1112 1890 et
1154 1851 1310 1890 modum
1349 1851 1507 1891 (licendi
1538 1851 1616 1891 sibi
1654 1863 1850 1901 quemque
1886 1851 2106 1902 sumpsisse
2152 1855 2194 1892 et
2239 1864 2447 1894 numerum

149 1932 278 1970 neque
303 1920 456 1960 dierum
488 1931 618 1969 neque
645 1924 906 1969 patronorum
935 1918 1093 1958 finitum
1121 1918 1247 1957 fuisse
1275 1917 1387 1968 (dial.
1415 1930 1474 1967 cp.
1500 1923 1564 1965 38,
1594 1922 1617 1957 3
1642 1930 1699 1967 sq.
1733 1918 1782 1957 cf.
1803 1918 1906 1958 Plin.
1929 1930 2019 1969 epp.
2041 1917 2065 1970 ξ
2088 1918 2168 1970 10).
2230 1919 2310 1960 Sed
2338 1931 2447 1960 nunc

150 1986 345 2028 libertate
381 1987 475 2027 inde
510 1998 535 2026 a
566 1985 732 2036 Pompei
768 1985 1016 2035 temporibus
1053 1985 1182 2035 magis
1220 1984 1428 2034 magisque
1459 1984 1650 2026 restricta
1686 1984 1859 2025 iudicem
1890 1996 2024 2036 saepe,
2064 1985 2224 2035 quando
2254 1984 2444 2036 incipias,

149 2054 406 2105 interrogare
435 2058 478 2094 et
504 2065 555 2094 ex
582 2052 902 2103 interrogatione
933 2051 1021 2092 eius
1053 2051 1338 2101 incipiendum,
1373 2050 1605 2100 frequenter
1626 2051 1928 2101 probationibus
1958 2056 2000 2090 et
2030 2051 2204 2092 testibus
2236 2052 2443 2092 silentium

148 2120 210 2162 ita
241 2120 376 2170 indici,
410 2124 456 2160 ut
487 2119 719 2170 eloquentia
749 2130 904 2169 quoque
934 2117 1175 2158 debilitetur
1204 2122 1247 2157 et
1276 2117 1504 2167 frangatur.

355 2189 494 2237 Neque
524 2199 620 2228 vero
656 2186 773 2228 modo
812 2186 862 2227 de
898 2184 1108 2233 iudicibus,
1148 2184 1214 2234 qui
1252 2184 1477 2225 orationum
1520 2183 1790 2236 magnitudini
1827 2184 1962 2226 frenos
1999 2184 2115 2235 quasi
2152 2184 2362 2241 imponant
2401 2188 2445 2226 et

146 2246 344 2296 Messalla
379 2257 423 2295 et
451 2254 609 2296 Plinius
649 2253 757 2294 idem
795 2252 880 2293 fere
916 2251 1110 2300 iudicant,
1148 2252 1221 2291 sed
1257 2251 1380 2291 etiam
1418 2251 1467 2291 de
1497 2252 1648 2301 optimo
1678 2255 1721 2291 et
1750 2251 2051 2293 absolutissimo
2086 2263 2238 2303 genere
2268 2250 2441 2292 dicendi.

146 2323 323 2364 Prorsus
371 2321 488 2362 enim'
527 2333 617 2362 cum
665 2320 806 2361 multis
855 2319 955 2360 locis
1003 2318 1202 2369 epistulae
1247 2318 1356 2358 illius
1399 2318 1611 2359 Plinianae
1658 2319 1902 2359 conveniunt
1950 2329 2053 2367 quae
2100 2318 2294 2359 Messalla
2342 2318 2444 2359 dicit

144 2402 207 2440 cp.
238 2394 304 2438 30,
338 2393 390 2429 25
422 2401 481 2438 sq,
542 2389 606 2429 Ex
636 2388 765 2428 multa
796 2385 1025 2428 eruditione
1056 2389 1098 2425 et
1128 2384 1311 2435 plurimis
1342 2385 1500 2424 artibus
1530 2388 1572 2425 et
1602 2384 1776 2425 omnium
1806 2396 1940 2425 rerum
1970 2383 2143 2426 scientia
2172 2384 2443 2426 exundareet

143 2456 371 2498 exuberare
401 2455 512 2496 illam
543 2453 820 2495 admirabilem
854 2452 1123 2502 eloquentiam
1161 2462 1291 2501 neque
1329 2451 1501 2491 oratoris
1539 2450 1618 2492 vim
1657 2454 1699 2491 et
1736 2450 1972 2492 facultatem
2007 2463 2141 2492 rerum
2175 2451 2363 2503 angustis
2398 2454 2442 2491 et

141 2522 338 2564 brevibus
374 2521 559 2563 terminis
599 2520 719 2569 cludi,
758 2520 831 2561 sed
868 2531 959 2560 eum
999 2530 1089 2559 esse
1120 2522 1334 2566 oratorem,
1377 2517 1444 2567 qui
1475 2518 1524 2557 de
1554 2517 1660 2557 omni
1691 2517 1928 2567 quaestione
1957 2518 2124 2569 pulchre
2153 2522 2195 2558 et
2224 2521 2368 2558 ornate
2398 2521 2443 2558 et

141 2590 194 2630 ad
240 2589 567 2641 persuadendum
612 2592 708 2639 apte
753 2588 888 2628 dicere
933 2599 1005 2637 pro
1050 2586 1253 2637 dignitate
1298 2597 1429 2625 rerum
1475 2586 1525 2624 ad
1569 2585 1790 2626 utilitatem
1833 2590 2055 2635 temporum
2097 2597 2186 2626 cum
2227 2585 2441 2635 voluptate

141 2656 396 2698 audientium
427 2656 569 2706 possit.
630 2654 707 2703 (Cf.
740 2654 844 2695 Plin.
882 2653 1076 2704 16—22.)

252 2723 318 2764 Ex
354 2722 418 2763 1118
456 2726 579 2772 atque
616 2721 769 2762 talibus
805 2721 914 2770 locis,
954 2721 1099 2770 quibus
1137 2721 1333 2770 probatur
1363 2720 1429 2760 vel
1465 2720 1617 2760 eisdem
1650 2720 1715 2760 vel
1752 2719 1952 2760 similibus
1983 2720 2047 2760 vel
2077 2719 2252 2760 diversis
2281 2729 2439 2769 quoque
2479 2715 2481 2717 ’

138 2789 343 2832 interdum
383 2789 433 2830 de
468 2788 701 2839 eloquentia
738 2787 995 2838 opinionibus
1025 2786 1212 2827 Tacitum
1249 2790 1291 2826 et
1322 2786 1498 2827 Plinium
1538 2798 1628 2827 esse
1666 2786 1823 2831 ductos,
1864 2785 2040 2827 Plinium
2078 2785 2190 2826 illam
2219 2784 2438 2836 epistulam

69 2882 71 2884 -
138 2857 198 2898 ad'
220 2857 409 2897 Tacitum
440 2856 539 2896 dare
569 2867 648 2895 non
685 2854 867 2905 potuisse
907 2853 1095 2902 efficitur,
1133 2853 1169 2892 si
1205 2853 1410 2903 dialogum
1448 2853 1628 2902 legisset,
1672 2856 1890 2902 antequam
1926 2853 1978 2892 ad
2014 2852 2187 2893 amicum
2223 2852 2435 2900 scriberet.

137 2923 290 2965 Nosset
309 2922 414 2963 enim
438 2922 491 2963 ad
513 2922 658 2971 omnia,
691 2933 796 2971 quae
815 2920 1143 2970 interrogaturus
1169 2923 1289 2966 esset.
1323 2919 1363 2959 in
1395 2919 1556 2970 dialogo
1586 2930 1677 2960 esse
1706 2930 1955 2970 responsum.
2014 2919 2081 2960 Ex
2100 2931 2178 2970 quo
2209 2917 2434 2968 conficitur,

135 2994 184 3033 ut
201 2989 370 3031 litterae
392 3000 417 3029 a
433 2988 567 3030 Plinio
593 2993 680 3029 tum
709 2986 859 3029 missae
874 2986 969 3037 sint,
995 2998 1082 3028 cum
1115 2986 1358 3037 opusculum,
1380 2985 1479 3026 illud
1497 2985 1666 3026 Tacitus
1696 2985 1873 3026 nondum
1906 2989 2200 3037 composuerat.
2246 2983 2436 3040 Omnium
2505 3006 2523 3009 ν·
2540 2972 2547 3011 ἶ
2577 2965 2619 3013 ’,ἓ
2644 2986 2650 2989 “
2689 2964 2703 2971 “
