2708 3339
1281 124 1341 164 IV

125 272 131 277 ’
163 257 242 300 sibi
272 258 474 300 iudicanti
503 270 594 300 eam
624 259 824 300 actionem
855 258 987 300 videri
1017 258 1371 305 absolutissimam,
1404 270 1507 308 quae
1529 259 1702 300 maxime
1724 258 1921 300 orationis
1940 258 2245 301 similitudinem
2265 264 2506 321 expresso

167 325 235 375 rit,
277 325 314 366 si
356 325 474 366 modo
515 329 653 366 orator
694 325 844 366 iustum
888 328 931 366 et
961 325 1140 366 debitum
1178 329 1335 376 tempus
1377 325 1572 376 accipiat3
1617 325 1721 376 quod
1760 325 1795 366 si
1834 337 1859 366 a
1895 325 2033 367 iudice
2073 321 2265 379 negetur,
2301 313 2464 384 nullam

165 392 355 440 oratoris,
400 392 614 433 maximam
647 393 791 433 iudicis
821 394 979 443 culpam
1012 405 1114 433 esse.
1176 393 1331 433 Adesse
1368 393 1460 433 huic
1496 393 1672 444 opinioni
1703 393 1828 445 leges,
1867 405 1970 444 quae
2000 393 2238 444 longissima
2272 397 2458 447 tempora

163 459 396 511 largiantur
424 471 500 500 nec
530 460 774 500 brevitatem
805 460 1034 500 dicentibus
1064 460 1135 500 sed
1166 460 1321 510 copiam
1353 461 1565 501 suadeant.
1626 460 1763 501 Adicit
1792 461 1962 509 Plinius,
1994 460 2101 511 quod
2130 459 2227 502 usus
2257 458 2454 519 docuerit,
2492 481 2509 487 -·
2610 443 2620 451 Α

168 538 258 568 cum
289 526 527 577 frequenter
556 531 599 568 et
629 527 760 578 egerit
791 530 833 568 et
863 527 1108 568 iudicaverit
1152 532 1194 568 et
1238 527 1277 568 in
1320 527 1486 568 consilio
1521 527 1654 568 fuerit.
1715 528 1818 569 Nam
1864 540 1952 569 cum
1998 527 2080 569 alia
2116 527 2218 569 alios
2252 521 2453 579 moveant,

163 594 360 644 variaque
391 594 474 634 sint
504 594 706 634 hominum
736 594 897 642 iudicia,
936 595 1120 634 omnibus
1157 595 1331 634 dandum
1363 606 1453 634 esse
1484 594 1649 644 aliquid,
1688 595 1794 644 quod
1825 599 2004 642 teneant,
2045 595 2149 644 quod
2181 595 2373 645 tanquam
2402 607 2456 637 ex

166 672 241 702 sua
281 660 450 711 quisque
504 660 738 701 inventione
789 660 1013 712 profectum
1060 661 1295 711 adgnoscat.
1371 661 1516 701 Omnia
1560 661 1686 712 igitur
1729 661 1769 701 in
1814 673 1936 702 causa
1979 673 2070 702 esse
2114 660 2371 712 exsequenda
2413 666 2458 703 et

163 727 417 775 inculcanda,
450 739 528 768 non
559 727 700 767 statim
733 728 911 778 iugulum
944 728 1059 778 quasi
1090 728 1362 778 premendum,
1409 729 1481 768 sed
1512 729 1684 779 plurima
1715 729 1870 769 semina
1900 729 2096 769 latissime
2127 728 2370 779 spargenda,
2409 733 2457 769 ιιι

162 794 339 835 iudicum
382 794 545 845 ingenia
584 794 844 845 inperspicua
882 799 923 834 et
961 795 1136 835 fallacia.
1175 807 1279 844 quae
1321 783 1529 845 colligant,
1568 795 1757 835 habeant.
1818 796 1965 845 Itaque
2001 796 2069 845 qui
2106 799 2147 835 et
2178 795 2383 836 delectare
2413 799 2457 836 et

163 861 410 911 persuadere
453 861 568 908 velit,
614 873 704 901 eum
750 858 904 911 copiam
951 861 1112 901 dicendi
1155 862 1410 911 spatiumque
1441 862 1685 910 desiderare,
1733 875 1811 902 non
1856 862 2114 902 brevitatem.
2175 863 2313 911 Neque
2349 862 2454 902 enim

163 932 417 978 amputatam
461 928 695 975 orationem,
743 928 813 968 sed
862 929 987 968 latam
1027 932 1068 968 et
1114 928 1367 978 magnificam
1414 928 1453 968 in
1498 928 1746 969 audientium
1792 928 1936 969 animis
1982 929 2166 969 aculeum
2211 923 2451 979 relinquere.

165 994 372 1046 Optimum
402 999 537 1036 tamen
568 1007 658 1036 esse
689 996 859 1044 modum,
892 1006 966 1036 nec
996 995 1102 1035 infra
1133 1007 1215 1036 rem
1241 1007 1314 1035 nec
1335 1007 1458 1045 supra
1479 1007 1552 1035 nec
1574 994 1812 1036 adstrictius
1834 1007 1907 1036 nec
1928 995 2094 1036 effusius
2115 1008 2205 1036 esse
2226 995 2450 1037 dicendum.

164 1062 246 1103 Sed
284 1062 319 1102 si
354 1066 560 1113 peccetur,
598 1062 728 1113 magis
768 1063 847 1102 sibi
883 1063 1045 1114 placere
1082 1074 1184 1109 eum,
1236 1063 1303 1111 qui
1343 1062 1549 1101 immodice
1585 1069 1624 1102 et
1666 1063 1945 1103 redundanter
1981 1075 2098 1112 quam
2138 1064 2205 1112 qui
2241 1063 2373 1103 ieiune
2413 1068 2456 1103 et

162 1129 321 1170 infirme
352 1130 514 1170 dixerit.
575 1130 695 1170 Illum
727 1131 832 1170 enim
864 1131 1062 1170 excedere
1092 1130 1304 1170 materiam
1335 1134 1376 1169 et
1406 1130 1560 1170 viribus
1591 1142 1772 1180 peccare,
1807 1131 1911 1170 hunc
1941 1143 2019 1171 non
2049 1130 2204 1180 inplere
2234 1134 2276 1170 et
2297 1130 2453 1172 inbelli·

162 1196 291 1238 citate
322 1208 506 1248 peccare.
567 1195 719 1249 Quodsi
757 1197 864 1238 inter
902 1197 1085 1238 crebram
1124 1201 1165 1238 et
1196 1197 1350 1247 largam
1388 1202 1429 1237 et
1465 1197 1635 1238 similem
1673 1196 1834 1239 nivibus
1873 1197 2050 1239 hibernis
2081 1201 2123 1238 et
2152 1196 2261 1238 inter
2290 1197 2454 1238 brevem

161 1266 204 1304 et
239 1263 443 1306 abscisam
485 1263 708 1304 orationem
752 1264 829 1304 sibi
867 1265 987 1303 detur
1023 1264 1178 1311 electiO,
1217 1264 1327 1302 illam
1360 1276 1414 1311 se,
1455 1268 1499 1303 ut
1530 1265 1708 1303 divinam
1739 1270 1781 1304 et
1812 1266 2046 1311 caelestem,
2086 1266 2217 1303 malle.
2279 1266 2452 1303 Brevem

164 1335 302 1370 autem
332 1332 559 1370 orationem
590 1332 789 1371 inertibus
821 1332 917 1370 solis
949 1343 1038 1370 esse
1071 1332 1303 1380 gratiorem,
1337 1344 1503 1379 quorum
1536 1332 1724 1371 iudicium
1756 1345 1834 1371 non
1857 1344 1946 1372 esse
1968 1332 2277 1382 respiciendum.
2339 1332 2453 1382 Quae

163 1410 251 1438 cum
300 1398 360 1438 ita
404 1398 497 1446 sint,
540 1402 675 1438 tamen
706 1402 954 1438 mutaturum
987 1411 1029 1438 se
1060 1410 1172 1438 suam
1205 1397 1460 1440 sententiam,
1499 1397 1533 1437 si
1564 1397 1731 1439 Tacitus
1763 1398 2004 1439 dissenserit
2033 1403 2085 1446 et,
2118 1410 2190 1439 cur
2220 1397 2451 1447 dissentiat,

160 1464 399 1515 longissima
429 1464 605 1516 epistula
636 1464 914 1516 explicaverit.

368 1532 640 1583 Quaecunque
677 1535 815 1572 autem
846 1532 1002 1572 Plinius
1034 1532 1108 1571 hac
1141 1532 1315 1581 epistula
1347 1532 1493 1571 cursim
1524 1532 1692 1582 attingit
1723 1533 1855 1582 potius
1886 1544 2005 1582 quam
2036 1533 2282 1582 exsequitur,
2323 1532 2374 1571 ad
2403 1542 2453 1571 ea

161 1611 186 1638 a
215 1599 373 1647 Tacito,
415 1599 546 1649 quoad
576 1599 664 1638 eius
694 1599 735 1639 in
767 1599 928 1649 dialogo
958 1599 1046 1639 fieri
1078 1599 1220 1648 potuit,
1261 1603 1452 1638 accurate
1482 1603 1593 1638 esset
1623 1611 1870 1649 responsum,
1904 1598 1938 1638 si
1969 1602 2064 1639 ante
2095 1598 2206 1639 illam
2237 1598 2453 1649 epistulam

162 1666 350 1716 dialogus
388 1666 558 1705 emissus
597 1669 716 1705 esset.
779 1666 944 1705 Etenim
975 1666 1129 1715 Aprum
1167 1670 1209 1705 et
1239 1666 1484 1713 Messallam,
1529 1677 1694 1714 quorum
1731 1672 1901 1715 uterque
1932 1666 2251 1706 diversissimum
2293 1664 2453 1705 dicendi

162 1745 293 1783 genus
325 1732 517 1780 defendit,
551 1732 590 1772 in
622 1744 689 1771 eos
720 1732 980 1782 increpantes
1010 1731 1177 1773 inducit.
1210 1732 1354 1780 quibus
1386 1732 1485 1771 nihil
1517 1744 1645 1781 aeque
1667 1744 1714 1772 ac
1735 1733 1917 1773 brevitas
1939 1736 1981 1772 et
2001 1732 2257 1782 antiquorum
2279 1731 2453 1772 imitatio

162 1798 336 1850 placeat.
397 1799 548 1839 Contra
579 1810 647 1839 eos
678 1799 789 1849 Aper
819 1798 1021 1838 declamat
1053 1799 1168 1838 haec:
1201 1802 1279 1848 (cp.
1314 1802 1377 1846 23,
1414 1799 1525 1846 oizi.)
1585 1799 1794 1838 Neminem
1825 1799 2050 1847 nominabo,
2091 1810 2221 1849 genus
2251 1798 2453 1838 hominum

162 1865 416 1917 significasse
453 1868 690 1915 contentus,
740 1865 811 1904 sed
842 1864 959 1904 vobis
989 1865 1128 1913 utique
1160 1869 1376 1903 versantur
1405 1870 1499 1903 ante
1536 1866 1684 1912 oculos,
1734 1865 1801 1914 qui
1838 1865 2039 1904 Lucilium
2084 1877 2156 1914 pro
2194 1865 2366 1904 Horatio
2410 1868 2454 1904 et

161 1934 397 1974 Lucretium
439 1946 510 1983 pro
541 1933 725 1982 Vergilio
761 1933 916 1982 legunt,
952 1933 1098 1981 quibus
1134 1933 1364 1981 eloquentia
1397 1931 1545 1972 Aufidii
1577 1933 1695 1972 Bassi
1733 1937 1805 1972 aut
1834 1932 1997 1973 Servilii
2028 1932 2229 1973 Nonuiani
2269 1945 2319 1973 ex
2350 1944 2453 1972 com-

161 2000 376 2052 paratione
405 2000 602 2042 Sisennae
632 2004 704 2040 aut
731 1999 929 2039 Varronis
960 1999 1110 2047 sordet,
1143 1998 1211 2049 qui
1243 1999 1447 2039 rhetorum
1479 2002 1705 2040 nostrorum
1737 1999 2044 2040 commentarios
2075 1998 2303 2048 fastidiunt,
2336 1998 2454 2040 Calvi

162 2067 375 2116 mirantur,
408 2079 507 2118 quos
537 2078 647 2107 more
678 2067 811 2116 prisco
842 2067 949 2117 apud
979 2066 1149 2106 iudicem
1181 2066 1413 2106 fabulantes
1436 2078 1513 2105 non
1535 2066 1742 2106 auditores
1762 2070 1997 2116 sequuntur,
2030 2079 2108 2106 non
2130 2067 2301 2117 populus
2322 2065 2451 2113 audit,

163 2136 234 2175 vix
281 2134 454 2184 denique
499 2134 685 2184 litigator
729 2134 968 2184 perpetitur,
1015 2134 1114 2172 adeo
1159 2134 1303 2173 maesti
1349 2138 1387 2173 et
1435 2133 1577 2173 inculti
1622 2134 1731 2173 illam
1777 2146 1895 2182 quam
1932 2134 2089 2174 iactant
2125 2133 2344 2174 sanitatem
2374 2145 2454 2174 non

161 2201 373 2249 firmitate,
419 2201 492 2241 sed
522 2200 673 2241 ieiunio
708 2206 1021 2249 consequuntur.
1083 2201 1207 2240 Porro
1233 2213 1281 2239 ne
1313 2200 1352 2240 in
1386 2212 1552 2250 corpore
1583 2199 1743 2250 quidem
1779 2199 2047 2241 valitudinem
2085 2200 2230 2241 medici
2266 2200 2451 2251 probant,

162 2280 269 2318 quae
300 2267 424 2308 animi
454 2267 665 2307 anxietate
696 2266 909 2316 contingit,
942 2279 1080 2316 parum
1112 2270 1175 2306 est
1205 2278 1369 2316 aegrum
1399 2279 1478 2307 non
1508 2278 1609 2315 esse,
1641 2266 1788 2306 fortem
1820 2270 1862 2306 et
1891 2267 2041 2307 laetum
2073 2270 2116 2307 et
2145 2267 2318 2307 alacrem
2347 2266 2450 2314 volo,

160 2347 286 2386 prope
317 2335 435 2375 abest
473 2335 525 2375 ab
556 2333 807 2381 infirmitate,
853 2332 894 2373 in
931 2345 1007 2382 quo
1044 2333 1129 2373 sola
1166 2333 1321 2373 sanitas
1357 2333 1560 2374 laudatur.
1622 2333 1680 2374 Ut
1710 2332 1880 2382 Plinius,
1918 2333 1977 2373 ita
2014 2333 2182 2374 Tacitus
2217 2332 2452 2373 inimicitias

136 2391 317 2442 ⁴veritus
348 2401 511 2440 nomina
542 2401 880 2447 adversariorum,
920 2411 1019 2449 quos
1056 2401 1275 2449 vituperat,
1322 2413 1400 2439 non
1437 2400 1622 2450 ascribit3
1669 2404 1714 2440 ut
1744 2400 1899 2440 Plinius
1939 2412 2006 2439 eos
2044 2400 2176 2439 ieiune
2217 2403 2259 2439 et
2296 2399 2452 2439 infirme

160 2469 295 2509 dicere
325 2472 476 2516 censet,
515 2467 575 2507 ita
605 2467 775 2507 Tacitus
805 2467 931 2506 isdem
964 2479 1058 2506 usus
1089 2466 1224 2506 verbis
1256 2466 1532 2506 infirmitatem
1569 2478 1706 2506 eorum
1750 2470 1792 2506 et
1828 2465 2019 2506 ieiunium
2051 2465 2321 2516 reprehendit.
2382 2464 2450 2517 (cf.

161 2535 266 2577 Plin.
300 2547 389 2586 epp.
422 2535 455 2583 I,
489 2538 554 2582 20,
588 2532 674 2586 21.)

362 2603 418 2643 Ει
448 2601 590 2642 laudes
620 2613 788 2651 quoque.
821 2602 965 2651 quibus
985 2602 1098 2651 Aper
1117 2601 1268 2640 amicos
1289 2600 1415 2647 effert,
1448 2613 1537 2641 cum
1560 2599 1680 2640 Plinii
1702 2599 1955 2650 opinionibus
1976 2602 2215 2651 congruunt,
2248 2598 2448 2650 inprimis,

161 2671 268 2721 quod
299 2671 540 2718 ubertatem,
584 2669 769 2719 quotiens
800 2680 924 2709 causa
954 2672 1096 2720 poscat
1126 2672 1169 2708 et
1198 2668 1383 2718 quotiens
1413 2667 1636 2719 permittat,
1674 2667 1916 2708 brevitatem
1948 2667 2192 2707 custodiant.
2252 2665 2321 2718 (cf.
2354 2665 2450 2706 dial.

161 2750 222 2788 cp.
257 2741 320 2785 23,
355 2740 420 2777 24.
480 2736 530 2777 cf.
563 2736 669 2777 Plin.
702 2748 793 2787 epp.
826 2736 858 2783 I,
893 2740 958 2784 20,
993 2736 1048 2786 2.)

364 2804 481 2854 Quod
516 2816 613 2844 vero
650 2803 809 2843 Plinius
844 2803 1038 2852 postulat,
1085 2807 1129 2842 ut
1169 2802 1289 2842 iudex
1327 2803 1477 2843 iustum
1514 2806 1674 2852 tempus
1709 2801 1862 2842 oratori
1898 2801 2105 2849 concedat,
2148 2800 2254 2851 quod
2295 2799 2452 2851 copiam

161 2869 325 2912 dicendi
362 2875 404 2912 et
439 2871 548 2912 mille
584 2870 737 2922 figuras
773 2870 1072 2920 extemporales
1109 2868 1356 2910 causidicum
1394 2872 1605 2920 praesta-re
1634 2868 1735 2918 vult,
1773 2872 1830 2918 ut,
1868 2880 1955 2910 cum
1986 2868 2102 2909 varia
2138 2868 2222 2909 sint
2251 2867 2453 2909 hominum

160 2937 324 2987 iudicia,
363 2938 547 2979 omnibus
584 2937 738 2987 aliquid
773 2937 854 2985 det,
910 2936 1015 2986 quod
1051 2936 1305 2987 adgnoscant
1342 2936 1383 2988 (ξ
1423 2934 1616 2987 10-13),
1659 2935 1718 2975 eis
1754 2935 1860 2986 apud
1895 2935 2082 2976 Tacitum
2117 2936 2227 2986 Aper
2264 2944 2451 2985 magnam

160 3008 322 3056 partem
353 3006 588 3046 assentitur.
651 3004 904 3057 Quamquam
935 3015 1014 3044 non
1045 3003 1203 3046 desunt.
1235 3015 1338 3054 quae
1368 3006 1597 3054 repugnent
1627 3007 1670 3043 et·
1699 3003 1823 3044 multo
1854 3003 1982 3054 magis
2003 3003 2223 3044 Messallae
2251 3002 2380 3043 verba
2408 2999 2451 3041 in
