2708 3339
1311 129 1376 172 XI
1636 159 1658 175 ι

142 276 155 323 ‘f
165 281 168 284 ’
193 250 428 326 deTaciti
452 252 602 325 studiis
639 275 870 328 rhetoricis)
899 276 966 317 vel
1002 288 1028 316 a
1063 275 1325 327 Quintiliano,
1365 280 1411 316 ut
1450 247 1588 316 multis
1624 276 1752 329 visum
1788 244 1881 324 est,-
1905 278 1998 315 arte
2031 273 2237 315 metm-503
2271 265 2461 333 imm-m*
2469 285 2503 338 *j

200 351 321 395 esset·
379 335 521 396 Nb'qne
562 347 638 393 881,
684 342 791 394 quod
831 342 869 383 ei
908 341 1150 391 diffidamus,
1192 354 1282 383 cum
1327 341 1369 382 in
1411 340 1570 393 dialogo
1606 342 1684 395 (cp.
1717 341 1772 391 Π,
1806 347 1830 383 5
1861 344 1940 392 sq.)
1978 342 2133 393 Aprum
2177 344 2223 383 et
2254 339 2515 383 Secundam*
2565 341 2568 344 ’

206 411 472 460 celeberrima
498 409 578 452 fo'ri
606 408 773 462 ingenia
792 409 867 450 sub
886 408 1151 460 Vespasiamo
1180 407 1306 448 fuisse
1335 420 1458 458 seque
1488 420 1556 449 eos
1577 408 1829 459 potissimum
1859 412 2044 449 secutum
2072 418 2164 463 esse
2193 407 2336 449 tradat
2362 410 2407 447 et
2433 418 2485 449 ex

174 468 176 470 ’
201 470 421 522 11181οω81
450 482 534 518 111111
579 479 763 517 notorum
798 487 970 516 numero
1007 480 1172 526 praeter
1206 475 1378 516 Niceten
1417 475 1613 515 neminem
1650 476 1838 516 nominet.
1906 476 2000 526 Ipse
2033 476 2173 520 antem
2201 470 2486 525 ‘Qifintiii‘anus

202 537 273 594 diu
312 556 357 585 88
384 544 564 592 Senecae
607 546 650 583 et
690 542 777 583 eius
808 546 1050 582 sectatorum
1096 541 1459 591 discipulorumque
1503 541 1615 581 vitiis
1650 540 1824 581 fra-ctum
1861 541 2024 582 dicendi
2051 552 2179 592 genus
2207 551 2402 582 revocare
2430 540 2485 581 ad

201 611 409 654 severiora
438 608 586 651 iudicia
615 609 871 650 contendisse
899 611 1042 648 narrat
1071 608 1188 656 (Inst.
1211 607 1265 656 X,
1288 607 1321 656 I,
1348 612 1426 648 125
1448 607 1539 658 sq),
1573 606 1614 646 id
1634 607 1738 656 quod
1759 607 1796 647 ei
1825 620 1906 648 non
1935 606 2339 664 contigeranquoad
2358 607 2482 658 Aper,

205 679 270 720 cui
299 688 454 718 summa
483 687 572 717 cum
591 675 744 716 Seneca
774 674 927 725 ingenii
956 674 1135 714 affinitas
1165 678 1241 723 est,
1273 674 1314 715 in
1345 673 1618 714 celeberrimis
1649 673 1727 713 fori
1756 674 1928 724 ingeniis
1957 674 2194 715 habebatur.
2253 673 2323 715 Ita
2349 672 2408 722 fit,
2439 677 2485 713 ut
2512 733 2514 735 ,

194 742 257 786 ‘ea
286 747 435 791 aetate,
467 742 509 783 111
529 754 649 792 quam
680 742 865 792 dialogus
895 741 1155 789 transfertur,
1186 741 1227 780 in
1257 740 1506 790 principibus
1536 752 1610 780 nec
1640 741 1800 780 scholae
1829 753 1906 780 nec
1935 741 2012 780 fori
2032 740 2308 791 Quintilianus
2336 740 2484 781 ductus

204 812 269 853 sit.
329 811 411 852 Cur
438 809 564 860 igitur
593 808 630 850 ei
660 820 822 859 operam
853 812 1023 849 navaret
1052 807 1229 857 Tacitus,
1267 807 1413 858 viginti
1444 807 1523 847 iam
1554 819 1750 848 annorum
1790 807 1952 857 iuvenis,
1999 820 2116 857 quem
2151 812 2237 849 tum
2271 807 2339 849 vel
2369 806 2485 848 brevi

206 883 300 930 post
328 877 380 918 ad
410 882 555 918 c‘ausas
584 876 764 927 agendas
801 875 973 916 animum
1011 875 1262 915 convertisse
1301 874 1479 915 conicio?
1538 874 1696 915 Plinius
1736 874 1854 925 enim,
1893 876 1961 925 qui
1990 888 2015 915 a
2044 875 2173 926 prima
2206 873 2486 916 adulescentia

204 946 316 986 illum
353 943 589 984 imitandum
631 942 709 983 sibi
746 946 1011 994 proposuerat
1047 941 1169 992 (Epp.
1202 942 1292 990 VII,
1328 946 1391 990 20,
1431 942 1807 991 4)'undevicesimo
1848 942 2001 983 aetatis
2040 954 2156 990 ann0,
2207 942 2233 982 i.
2264 954 2298 983 8.
2331 953 2366 982 a.
2397 940 2484 982 fere

208 1017 260 1052 80
293 1012 358 1051 vel
390 1015 440 1050 81
473 1011 515 1050 111
544 1011 630 1050 foro
661 1011 794 1049 dicere
825 1010 959 1059 coepit
988 1010 1109 1058 (Epp.
1141 1010 1190 1056 V,
1223 1015 1259 1057 8,
1293 1009 1348 1059 8).
1408 1010 1510 1048 Num
1542 1010 1620 1049 nisi
1650 1022 1754 1049 anno
1788 1014 1834 1048 77
1868 1009 2037 1049 Tacitus
2064 1010 2142 1049 iam
2174 1010 2304 1060 gloria
2334 1009 2488 1065 ingenii>

205 1084 247 1119 et
277 1077 585 1118 advocationum
616 1081 658 1116 et
686 1078 878 1117 honorum
908 1076 1027 1116 laude
1062 1080 1224 1126 praeter
1261 1088 1396 1116 omnes
1426 1075 1641 1124 floruisset,
1679 1076 1874 1126 Agricola
1902 1075 1939 1116 ei
1974 1075 2097 1116 filiam
2124 1075 2410 1128 despondisset
2441 1079 2485 1116 et

205 1146 246 1186 in
289 1142 587 1184 matrimonium
632 1142 838 1183 dedisset?
897 1142 953 1182 Et
983 1154 1053 1182 cur
1082 1142 1134 1181 ad
1165 1141 1457 1193 Quintilianum
1490 1154 1533 1181 se
1563 1142 1776 1188 conferret,
1810 1154 1906 1182 cum
1936 1141 2183 1191 Messallam,
2221 1154 2337 1192 quem
2367 1146 2484 1182 arcta

208 1211 490 1252 familiaritate
527 1209 756 1260 complexus
793 1221 882 1249 esse
911 1209 1074 1249 videtur
1113 1208 1180 1258 (cf.
1219 1209 1315 1249 Hist
1345 1209 1421 1258 III,
1457 1213 1480 1248 9
1514 1214 1555 1248 et
1585 1209 1655 1257 IV,
1690 1208 1771 1257 42),
1810 1209 1923 1259 sequi
1958 1215 2109 1259 posset,
2141 1209 2210 1259 qui
2245 1209 2395 1250 similia
2431 1209 2482 1249 de

206 1278 437 1328 eloquentia
479 1282 601 1327 atque
645 1276 714 1317 ille
760 1276 955 1317 sentiret?
1001 1276 1069 1326 (cf.
1092 1276 1185 1316 dial.
1220 1280 1270 1316 20
1303 1280 1344 1315 81
1375 1287 1433 1326 cp.
1460 1281 1508 1315 25
1542 1277 1619 1326 sq)
1691 1276 1830 1325 Neque
1849 1299 1852 1302 -
1874 1276 2043 1317 multum
2072 1276 2227 1317 Julium
2258 1275 2482 1318 Secundum

210 1346 261 1386 ab
282 1345 342 1385 eis
363 1343 571 1384 distulisse
592 1343 781 1391 arbitror,
814 1355 902 1383 cum
923 1342 1200 1383 disertissimis
1220 1342 1356 1383 verbis
1377 1347 1419 1382 et
1440 1342 1613 1382 summis
1633 1342 1819 1383 laudibus
1849 1343 2039 1383 facundia
2068 1343 2156 1384 eius
2173 1355 2211 1391 ,a
2231 1343 2482 1395 Quintiliano

206 1412 400 1451 efferatur
445 1410 514 1461 (cf.
558 1412 661 1451 Inst.
699 1411 752 1458 X,
801 1414 878 1449 120
924 1422 981 1458 sq.
1022 1414 1063 1448 et
1101 1410 1193 1449 dial.
1234 1422 1292 1459 cp.
1334 1414 1397 1457 23,
1446 1415 1494 1449 21
1534 1410 1612 1459 sq.)
1657 1416 1699 1449 et
1729 1412 1780 1450 ab
1811 1423 1858 1450 eo
1888 1410 2201 1450 familiarissime
2238 1415 2397 1452 amatus
2427 1411 2483 1452 sit

207 1478 273 1527 (cf.
306 1478 408 1518 Inst.
439 1477 493 1518 X.
527 1481 563 1527 3,
598 1476 681 1529 12).
740 1478 778 1517 Α
813 1476 943 1527 prima
978 1476 1105 1527 igitur
1134 1475 1311 1526 pueritia
1348 1480 1388 1516 et
1424 1476 1702 1516 adulescentia
1732 1477 1808 1517 duo
1839 1477 2112 1517 diversissima
2143 1477 2302 1518 dicendi
2330 1489 2482 1529 genera

206 1546 260 1586 ad
290 1544 425 1586 Taciti
454 1544 659 1595 ingenium
702 1543 963 1584 excolendum
1006 1548 1048 1583 et
1086 1543 1128 1584 in
1171 1544 1467 1584 diversissimas
1508 1548 1648 1593 partes
1690 1543 1991 1585 distrahendum
2033 1544 2284 1586 concurrisse
2324 1545 2479 1596 opinor.

207 1611 422 1652 Eruditum
453 1611 557 1651 enim
589 1622 679 1651 eum
710 1622 799 1650 esse
829 1614 870 1649 et
900 1612 950 1650 ab
981 1610 1038 1649 eis
1069 1609 1265 1658 existimo,
1299 1611 1442 1659 quibus
1463 1610 1639 1650 Senecae
1671 1622 1878 1649 amoenum
1898 1610 2101 1660 ingenium
2123 1614 2165 1650 et
2184 1611 2479 1652 minutissimae

209 1679 435 1718 sententiae
455 1682 498 1717 et
518 1681 707 1727 corrupta
736 1676 944 1726 fractaque
975 1676 1110 1724 dictio,
1143 1676 1275 1717 omnia
1306 1677 1478 1727 denique
1499 1677 1601 1716 vitia
1623 1677 1757 1717 dulcia
1788 1678 2066 1726 probarentur,
2099 1681 2142 1718 81
2170 1679 2223 1719 ab
2243 1678 2316 1726 eis,
2349 1678 2417 1728 qui
2436 1679 2479 1720 in

202 1744 398 1785 immensa
442 1744 640 1785 vastitate
675 1747 878 1784 oratorum
909 1744 1140 1783 Ciceronem
1177 1754 1297 1783 unum
1333 1743 1550 1794 perfectum
1587 1743 1894 1792 absolutumque
1935 1747 2136 1795 oratorem
2180 1745 2479 1795 praedicarent.

201 1811 268 1851 Ita
298 1811 448 1851 factum
479 1822 570 1851 esse
600 1822 755 1858 censeo,
789 1815 834 1849 ut-
863 1809 1001 1849 multis
1031 1821 1185 1859 quoque
1215 1810 1356 1848 lustris
1386 1815 1479 1859 post
1509 1810 1623 1849 modo
1654 1810 1884 1849 Ciceronem
1914 1810 2156 1859 imitaretur,
2187 1812 2304 1851 modo
2333 1824 2480 1852 novum

202 1879 361 1918 dicendi
390 1890 516 1928 genus
548 1890 598 1917 ex
627 1878 833 1926 Sallustio,
867 1877 1059 1926 Vergilio,
1098 1878 1274 1924 Lucano,
1312 1877 1465 1916 Seneca
1501 1876 1625 1916 multo
1662 1877 1800 1916 labore
1830 1881 1872 1916 et
1902 1877 2048 1916 sudore
2079 1874 2347 1927 conquireret
2366 1882 2409 1918 et
2438 1878 2479 1918 111

202 1945 373 1985 historia
409 1956 573 1995 prorsus
610 1944 693 1984 alia
728 1943 864 1993 specie
901 1943 1060 1983 dicendi
1098 1943 1287 1992 aequales
1322 1947 1462 1983 tenere
1498 1943 1681 1983 studeret
1718 1947 1840 1993 atque
1878 1944 1918 1983 in
1956 1940 2206 1985 orationibus
2236 1950 2277 1985 81
2307 1945 2477 1996 dialogo.

204 2010 283 2050 Sed
324 2015 370 2050 ut
406 2010 681 2061 Quintilianus
723 2010 774 2049 ad
810 2011 894 2049 tale
929 2009 1132 2059 ingenium
1169 2009 1429 2049 erudiendum
1470 2010 1636 2049 multum
1675 2010 1844 2056 valeret,
1888 2015 2053 2060 propter
2094 2011 2220 2051 solam
2256 2016 2479 2062 temporum

199 2077 400 2117 rationem
431 2076 524 2117 fieri
552 2089 631 2117 non
663 2076 805 2126 potuit.
867 2076 1019 2126 Quodsi
1050 2076 1235 2125 dialogus
1266 2081 1306 2115 et
1333 2076 1382 2115 de
1414 2075 1670 2116 institutione
1697 2077 1876 2116 oratoria
1904 2077 1998 2117 libri
2025 2082 2087 2117 tot
2114 2077 2215 2118 locis
2241 2086 2478 2128 congruunt,

200 2143 331 2184 Taciti
375 2144 465 2184 leve
510 2143 754 2193 opusculum,
802 2154 878 2192 quo
915 2141 1184 2193 gravissimae
1227 2153 1290 2181 res
1321 2142 1545 2182 liberaliter
1583 2143 1717 2193 potius
1753 2147 1795 2183 et
1833 2144 1967 2183 obiter
1996 2145 2330 2196 perstringuntur
2357 2157 2476 2195 quam

200 2210 452 2258 hauriuntur,
499 2222 548 2249 ex
578 2221 724 2260 magno
755 2208 992 2261 Quintiliani
1024 2220 1144 2258 opere
1174 2209 1302 2248 multa
1332 2209 1551 2259 sumpsisse
1583 2214 1755 2256 constat,
1795 2210 1837 2250 id
1881 2210 1986 2260 quod
2015 2211 2178 2251 minime
2206 2213 2397 2263 abhorret
2425 2214 2478 2253 ab

200 2288 306 2317 anno
336 2276 405 2318 illo
437 2281 502 2326 99,
534 2280 630 2318 ante
659 2288 775 2327 quem
807 2276 1009 2328 dialogum
1040 2275 1177 2316 confici
1207 2287 1285 2316 non
1314 2276 1496 2328 potuisse
1525 2276 1804 2318 ratiocinando
1834 2289 1957 2329 supra
1985 2278 2263 2329 monstravi.*)

398 2345 552 2385 Errant
580 2344 716 2394 igitur,
749 2344 818 2393 qui
847 2343 1044 2391 Tacitum,
1076 2346 1216 2393 utpote
1246 2344 1313 2392 qui
1344 2344 1548 2395 dialogum
1579 2345 1658 2384 iam
1689 2345 1873 2393 ediderit,
1906 2358 1985 2385 non
2016 2350 2126 2386 recte
2163 2359 2236 2397 per
2271 2347 2475 2388 silentium

198 2423 242 2450 se
288 2410 339 2450 ad
386 2414 637 2451 senectutem
680 2410 916 2461 pervenisse
961 2416 1004 2450 et
1044 2410 1250 2450 incondita
1294 2423 1341 2450 ac
1386 2411 1477 2451 rudi
1515 2424 1610 2451 voce
1651 2412 1866 2462 Agricolae
1909 2412 2035 2453 vitam
2080 2425 2124 2453 se
2167 2413 2477 2464 compositurum

199 2477 410 2528 scripsisse
441 2481 603 2528 putent.
664 2479 731 2518 Ita
761 2477 867 2518 enim
898 2477 1075 2528 scripsit,
1121 2477 1216 2527 quia
1260 2489 1388 2528 neque
1419 2479 1621 2529 dialogum
1651 2479 1844 2519 emiserat
1872 2483 1915 2519 et
1950 2483 2035 2519 tum
2071 2480 2242 2530 primum
2272 2480 2323 2519 ad
2353 2480 2476 2521 libros

197 2544 490 2593 componendos
520 2545 695 2584 animum
726 2548 986 2584 converterat
1015 2544 1083 2595 (cf.
1114 2546 1212 2594 Agr.
1241 2556 1301 2594 cp.
1328 2549 1369 2594 33
1402 2550 1444 2585 et
1473 2545 1768 2585 Andresenium
1800 2546 1861 2585 ed.
1887 2546 1986 2618 ffial.
2020 2559 2055 2586 a.
2093 2551 2155 2592 ῖ2,
2186 2559 2252 2596 pg.
2289 2552 2323 2595 1,
2355 2547 2478 2587 aliter

195 2610 238 2649 in
268 2611 400 2650 altera
428 2611 607 2651 editione
637 2623 672 2650 a.
708 2616 757 2651 79
788 2623 853 2660 pg.
889 2615 911 2650 3
943 2623 1021 2659 sq.;
1053 2611 1256 2658 Peterum,
1289 2611 1349 2651 ed.
1382 2612 1475 2651 dial.
1508 2624 1572 2661 pg.
1610 2617 1671 2659 15,
1704 2612 1920 2661 Mackium,
1954 2613 2004 2652 de
2039 2613 2307 2653 substantivis
2342 2614 2477 2655 Taciti

195 2687 260 2725 pg.
302 2676 358 2726 6).
418 2677 690 2728 Quaecunque
724 2680 938 2726 praeterea
981 2677 1030 2716 ab
1065 2677 1329 2725 Andresenio,
1383 2679 1542 2725 Petero‚
1594 2678 1802 2727 Jansenio,
1841 2679 1908 2730 (de
1946 2679 2089 2719 Tacito
2126 2679 2274 2728 dialogi
2310 2684 2475 2722 auctore

194 2753 262 2792 pg.
287 2746 338 2782 24
360 2743 451 2793 sq.).
510 2741 783 2784 Weinkauffio
813 2743 880 2792 (de
911 2742 1055 2783 Tacito
1083 2742 1235 2793 dialogi
1264 2748 1428 2784 auctore
1458 2757 1523 2795 pg.
1549 2749 1598 2784 19
1621 2745 1710 2795 sq),
1742 2745 1835 2785 aliis
1864 2745 1905 2786 in
1935 2745 2104 2786 eandem
2134 2746 2198 2785 vel
2229 2746 2475 2789 contrariam

196 2811 385 2859 aetatem,
424 2822 504 2861 qua
532 2810 602 2851 ille
638 2810 870 2862 opusculum
909 2809 959 2849 de
989 2810 1215 2850 oratoribus
1245 2811 1473 2861 publicasse
1503 2811 1703 2860 videatur,
1750 2812 1959 2863 disputata
1991 2812 2100 2860 sunt,
2145 2811 2215 2859 eis,
2261 2811 2475 2854 dummodo

196 2881 386 2916 accurate
423 2877 559 2918 omnia
589 2877 795 2929 respicias,
837 2877 939 2918 nihil
975 2889 1123 2926 eorum,
1166 2889 1269 2927 quae
1308 2878 1404 2924 dixi,
1447 2878 1660 2920 refutatur.
1718 2879 1858 2919 Risum
1895 2891 1990 2919 vero
2025 2890 2152 2929 paene
2188 2883 2364 2929 movent,
2403 2880 2474 2930 qui

2164 3088 2206 3123 2*

2532 262 2562 278 ,η’

131 3024 134 3025 ⁷
196 3027 213 3051 e
378 2951 431 3053 ξ)
475 2952 656 3012 Similibus
681 2978 795 3012 causis
820 2978 943 3011 ductus
969 2977 1133 3012 Seeckius
1158 2977 1320 3020 (Hermes
1344 2978 1427 3020 XII,
1453 2990 1509 3022 pg.
1535 2977 1615 3021 509)
1640 2979 1815 3022 dialogum
1841 2984 1918 3021 post
1934 2978 2143 3022 Quintiliani
2167 2989 2252 3021 opus
2275 2965 2491 3015 00111801111111
2557 3016 2560 3019 ,
2621 2956 2677 3014 ji}

217 3029 271 3052 sse
295 3030 395 3054 cense
415 3047 422 3054 .
1223 3047 1229 3054 .
2444 3037 2446 3039 >

2642 229 2671 256 ‘'⁸r'
2694 238 2708 252 ϊ

2577 260 2632 293 rae*
2639 259 2681 275 “““·“”
2703 274 2706 280 ι

2633 290 2640 298 r
