2708 3339
62 224 65 227 ’
129 226 324 267 honorum
355 238 545 278 capacem
576 239 620 268 se
649 227 785 268 dicere
815 225 960 277 potuit.
1022 227 1319 279 Quintilianum
1340 241 1435 269 vero
1455 242 1529 269 nec
1558 233 1654 270 ante
1684 242 1835 271 annum
1855 235 1907 271 72
1937 230 1979 272 in
2008 226 2400 284 auditoriodoculm

73 302 86 304 *
128 305 205 335 nec
249 294 391 346 primis
436 293 598 345 quidem
635 293 882 345 Vespasiani
926 294 1046 336 annis
1090 295 1143 335 ad
1186 307 1373 346 magnam
1419 299 1654 347 provectum
1698 308 1788 338 esse
1832 295 1981 338 famam
2022 300 2147 350 puta
2184 286 2408 342 Numen

130 362 346 412 disponere
381 362 653 402 institutionis
690 362 895 402 oratoriae
925 362 1137 402 materiam
1170 367 1452 402 coacervatam
1490 363 1699 413 inciperet,
1738 364 1913 413 quietem
1949 365 2244 414 impetraverat
2263 353 2443 418 studiis·

129 429 226 477 suis,
258 441 363 479 quae
392 428 542 480 viginti
571 440 644 479 per
664 440 792 469 annos
822 428 1055 469 erudiendis
1086 428 1299 469 iuvenibus
1323 430 1579 480 impenderat
1598 430 1868 482 (Prooemium
1889 431 1922 479 Ι,
1954 429 1976 482 ξ
2007 434 2058 479 1).
2118 431 2269 473 Emisit
2287 420 2424 487 1111111111,
2460 421 2477 484 ²,

128 495 267 536 libros
285 495 493 535 duodecim
523 507 603 535 non
625 498 721 534 ante
750 506 900 534 annum
933 499 997 543 96,
1030 507 1118 535 cum
1150 499 1193 535 et
1214 495 1440 546 delegatam
1473 497 1550 537 sibi
1580 509 1604 537 a
1625 497 1854 537 Domitiano
1885 509 2022 538 curam
2054 498 2206 539 sororis
2233 492 2453 553 nepotiiuis
2549 482 2552 484 ’
2576 485 2596 553 '2

129 562 283 602 scribat
311 561 511 613 (Prooem.
540 561 611 609 IV,
645 560 689 612 2)
720 565 763 601 et
792 565 950 611 patrem
982 573 1118 601 eorum
1146 563 1332 602 Flavium
1362 564 1607 604 Clementem
1639 563 1707 612 (cf.
1736 564 1903 605 Suetoni
1931 565 2082 605 Domit.
2110 576 2170 615 cp.
2195 568 2260 613 15,
2293 565 2423 618 1—2)

127 629 293 669 ineunte
330 640 436 668 anno
468 632 519 667 96
551 628 810 668 Domitianus
851 640 902 667 ex
932 628 1169 668 tenuissima
1207 630 1435 679 suspicione
1472 631 1758 673 interemisset.
1819 631 1941 672 Cuius
1978 631 2138 681 quidem
2176 643 2297 672 curae
2333 643 2442 673 cum¹

127 697 169 737 in
200 695 405 746 prooemio
442 694 577 744 quarti
615 695 773 736 demum
813 694 908 734 libri
935 696 1183 747 ‘mentionem
1222 696 1359 743 faciat,
1403 696 1520 746 primi
1558 701 1641 737 tres
1679 696 1853 738 fortasse
1891 697 1986 738 libri
2024 710 2129 738 anno
2166 697 2246 737 iam
2286 702 2338 738 95
2379 698 2422 739 in

127 775 271 803 manus
300 762 506 803 hominum
536 765 745 802 venerant.

332 829 495 880 Reliqui
516 841 613 870 vero
634 829 729 870 libri
759 829 869 869 intra
899 841 1047 869 annum
1072 834 1123 869 90
1147 830 1247 870 editi
1278 834 1384 879 sunt,
1417 843 1504 871 cum
1538 843 1663 881 usque
1693 831 1745 870 ad
1775 831 1972 872 decimum
1993 831 2227 872 Domitiano
2257 836 2303 872 ut
2324 831 2417 873 vivo

129 898 409 948 Quintilianus
445 897 681 937 blandiatur
711 897 778 945 (cf.
810 897 904 936 inst.
939 910 995 936 or.
1027 898 1078 944 X,
1115 902 1149 937 1.
1183 897 1264 947 91).
1327 899 1461 947 Atque
1491 898 1604 937 brevi
1637 902 1816 948 tempore
1855 902 1981 939 totum
2014 910 2112 949 opus
2142 899 2251 938 foras
2282 898 2421 939 datum

128 977 232 1013 esse,
265 978 311 1005 eo
333 964 594 1005 verisimilius
621 970 698 1013 est,
732 964 837 1014 quod
858 964 936 1003 iam
958 964 1106 1004 dudum
1138 965 1400 1014 compositum
1422 970 1464 1004 et
1484 965 1680 1005 Marcello
1701 965 1857 1005 Victori
1879 965 2109 1005 dedicatum
2129 967 2316 1015 (Prooem
2337 966 2370 1014 Ι,
2396 970 2419 1005 6

126 1037 170 1072 et
198 1031 270 1081 IV,
305 1030 347 1081 1)
377 1034 419 1071 et
449 1030 501 1071 ad
533 1030 795 1071 domesticum
841 1043 956 1071 usum
987 1030 1222 1081 permissum
1270 1031 1545 1080 traditumque
1576 1036 1676 1071 erat.
1738 1031 1804 1071 Ita
1834 1031 1945 1082 operi
1981 1031 2101 1082 paulo
2138 1032 2227 1082 plus
2257 1031 2419 1072 biennio

127 1098 349 1148 composito
381 1098 506 1137 otium
537 1101 679 1137 auctor
709 1097 892 1143 dederat,
925 1101 970 1136 ut
1000 1101 1247 1136 maturescet
1277 1102 1317 1136 et
1348 1099 1434 1147 ipse
1464 1102 1657 1146 tanquam
1691 1098 1817 1137 lector
1846 1098 2114 1148 perpenderet
2143 1097 2212 1148 (cf.
2242 1099 2344 1148 Epp.
2367 1098 2420 1137 ad

126 1167 279 1219 Tryph.
305 1167 357 1215 2).
420 1164 572 1217 Quodsi
603 1176 725 1204 unum
754 1164 841 1204 fere
872 1176 1020 1204 annum
1050 1164 1172 1203 libros
1204 1166 1444 1214 compositos
1475 1164 1691 1204 retinuisse
1722 1169 1763 1204 et
1797 1165 1915 1214 paulo
1946 1165 2035 1215 plus
2061 1177 2179 1214 quam
2211 1165 2417 1205 biennium
2449 1159 2457 1162 l

124 1234 167 1275 in
197 1245 318 1285 opere
350 1231 596 1272 conficiendo
634 1231 930 1282 consumpsisse
969 1231 1172 1281 putandus
1204 1236 1279 1280 est,
1320 1232 1493 1272 triennio
1524 1232 1607 1272 fere
1644 1236 1740 1272 ante
1782 1244 1930 1272 annum
1962 1232 2013 1270 95
2046 1231 2070 1272 1.
2103 1244 2137 1273 e.
2169 1244 2205 1272 a.
2240 1235 2291 1271 92
2322 1244 2421 1283 opus

128 1311 349 1351 aggressus
370 1303 445 1339 est.
489 1298 576 1350 Quo
598 1298 792 1348 temporis
811 1301 962 1347 puncto
984 1309 1069 1337 cum
1094 1309 1164 1347 per
1184 1299 1329 1348 viginti
1352 1311 1477 1338 annos
1500 1299 1730 1338 erudiendis
1756 1299 1966 1338 iuvenibus
1988 1299 2122 1338 studia
2144 1298 2420 1348 impendisset,

125 1381 231 1409 anno
268 1367 432 1407 circiter
472 1370 522 1406 72
553 1366 707 1406 Romae
743 1364 887 1405 docere
918 1365 1063 1415 coepit.
1125 1364 1203 1414 Qui
1245 1366 1402 1414 quidem
1445 1378 1574 1406 annus
1613 1366 1775 1405 minime
1813 1371 2015 1416 repugnat
2053 1367 2139 1406 loco
2183 1365 2422 1416 Hieronymi

126 1434 190 1476 ad.
214 1447 250 1475 a.
273 1433 426 1474 Abrah.
452 1435 573 1482 2084,
606 1444 683 1482 (1110
714 1443 736 1470 a
759 1430 892 1471 Galba
922 1443 958 1471 a.
992 1435 1042 1470 68
1066 1431 1358 1481 Quintilianum
1392 1445 1441 1471 ex
1474 1432 1674 1482 Hispania
1702 1433 1869 1472 Romam
1891 1433 2128 1482 perductum
2160 1444 2249 1472 esse
2271 1432 2417 1482 prodit.

125 1502 318 1544 Turbidis
350 1501 454 1541 enim
487 1500 568 1540 illis
598 1499 847 1551 temporibus
879 1498 999 1540 facile
1031 1499 1099 1538 diu
1130 1499 1268 1539 rhetor
1289 1499 1355 1539 ille
1378 1499 1563 1549 impediri
1585 1499 1729 1549 potuit,
1762 1511 1811 1539 ne
1833 1499 2010 1539 scholam
2032 1499 2221 1550 aperiret.
2283 1500 2422 1550 Neque

124 1582 222 1611 vero
243 1568 353 1609 credi
377 1571 514 1618 potest
536 1579 627 1606 eum
649 1566 788 1606 statim
811 1569 967 1605 tantam
990 1570 1219 1605 assecutum
1241 1578 1329 1605 esse
1352 1566 1510 1614 famam,
1545 1570 1589 1605 ut
1609 1566 1790 1613 Tacitus,
1823 1566 1890 1615 qui
1911 1578 2057 1606 annum
2080 1570 2165 1606 tum
2187 1566 2420 1606 vicesimum

123 1636 210 1678 fere
241 1636 403 1687 agebat,
436 1635 477 1674 in
508 1634 595 1674 eius
626 1633 871 1673 auditorium
902 1632 1180 1672 descenderet.
1243 1633 1313 1672 Sin
1345 1633 1571 1673 audivisset
1602 1645 1704 1681 eum,
1750 1645 1823 1673 nec
1855 1636 1937 1673 tam
1969 1633 2117 1673 infesto
2155 1633 2194 1673 in
2232 1634 2419 1674 rhetoras

127 1703 261 1743 animo
292 1702 529 1742 Messallam
562 1700 765 1740 dicentem
797 1699 1026 1738 induxisset
1056 1711 1128 1738 nec
1150 1699 1425 1750 Quintilianus
1456 1700 1621 1748 eisdem,
1655 1700 1797 1748 quibus
1830 1699 1868 1738 in
1900 1699 2053 1738 ultimis
2084 1700 2134 1739 de
2165 1699 2423 1739 institutione

125 1770 306 1809 oratoria
336 1769 450 1808 libris
482 1768 633 1814 utitur,
655 1766 791 1805 verbis
823 1770 864 1805 et
895 1766 1120 1805 enuntiatis
1151 1778 1262 1805 suam
1295 1766 1517 1805 doctrinam
1549 1766 1877 1805 adulescentibus
1907 1766 2055 1815 viginti
2086 1767 2204 1806 annis
2234 1770 2331 1806 ante
2362 1767 2422 1806 ita

126 1836 464 1883 commendasset,
498 1839 555 1882 ut,
588 1845 691 1883 quae
721 1832 893 1873 Tacitus
924 1833 987 1873 vel
1020 1832 1087 1872 alii
1121 1832 1159 1872 in
1194 1833 1329 1872 schola
1362 1833 1619 1882 excepissent
1649 1833 1814 1880 calamo,
1856 1836 2047 1873 accurate
2079 1845 2167 1872 cum
2198 1836 2259 1872 tot
2290 1832 2423 1883 operis

122 1904 233 1944 illius
264 1901 532 1953 Quintilianei
562 1900 662 1941 locis
693 1903 961 1950 congruerent
994 1899 1061 1949 (cf.
1096 1901 1263 1939 Prooem
1296 1900 1327 1947 I,
1381 1902 1432 1941 7).
1498 1899 1653 1939 Plinius
1691 1899 1893 1947 videlicet,
1932 1911 2019 1939 cum
2052 1899 2345 1950 Quintilianum
2382 1906 2425 1940 et

126 1971 297 2010 Niceten
328 1969 591 2009 Sacerdotem
637 1967 707 2006 diu
755 1967 1085 2005 adulescentulus
1117 1965 1461 2013 frequentavisset
1495 1968 1562 2008 (cf.
1596 1967 1701 2004 Plin.
1736 1966 1839 2015 Epp.
1862 1966 1916 2011 II,
1954 1970 2014 2013 14,
2052 1967 2100 2005 10
2132 1970 2174 2004 et
2194 1967 2262 2013 VI,
2298 1971 2333 2014 6,
2368 1965 2421 2014 3),

125 2048 200 2087 per
231 2040 361 2076 totam
384 2035 512 2075 vitam
544 2034 752 2074 rhetorum
784 2031 1107 2073 studiosissimus
1139 2036 1180 2071 et
1212 2032 1480 2071 amicissimus
1502 2035 1602 2081 erat,
1637 2036 1678 2071 et
1701 2043 1767 2071 eos
1789 2033 1840 2071 ab
1862 2032 2158 2071 obtrectoribns
2179 2031 2424 2072 defendebat

126 2108 169 2144 et
190 2105 335 2154 postea
365 2113 523 2151 quoque
553 2100 606 2140 ad
629 2111 764 2139 eorum
796 2098 998 2139 auditoria
1030 2098 1334 2146 religiosissime
1366 2099 1598 2138 ventitabat
1628 2098 1696 2149 (cf.
1715 2099 1819 2148 Epp.
1852 2099 1884 2143 Ι,
1922 2103 1988 2148 10;
2021 2099 2075 2147 ΙΙ,
2110 2103 2145 2145 3,
2180 2103 2286 2138 5—7
2319 2098 2425 2150 etc).

123 2172 181 2210 At
210 2169 417 2210 enimvero
447 2167 615 2209 Tacitus
646 2166 791 2206 irridet
823 2165 1084 2206 Sacerdotem
1117 2166 1237 2205 istum
1269 2166 1438 2204 Niceten
1470 2170 1512 2204 et
1543 2165 1577 2204 si
1608 2166 1697 2214 quis
1734 2166 1839 2205 alins
1870 2166 2075 2215 Ephesum
2107 2166 2171 2205 vel
2203 2165 2424 2216 Mitylenas

124 2225 322 2278 concentu
354 2234 686 2276 scholasticorum
725 2237 767 2274 et
804 2231 1048 2273 clamoribus
1080 2232 1240 2282 quatiat
1277 2232 1400 2279 (Dial.
1437 2237 1498 2281 15,
1535 2230 1602 2284 15)
1633 2236 1674 2271 et
1705 2244 1827 2283 aegre
1857 2232 1948 2280 fert,
1991 2232 2095 2282 quod
2125 2231 2424 2273 adulescentuli

124 2305 236 2346 illius
258 2304 411 2345 aetatis
432 2303 472 2343 in
494 2303 654 2343 scholas
676 2301 931 2342 deducantur
952 2301 1132 2348 istorum,
1166 2301 1233 2349 qui
1254 2302 1437 2340 rhetores
1463 2306 1668 2347 vocentur,
1702 2313 1790 2340 cum
1813 2300 1854 2340 id
1884 2300 2011 2340 solum
2034 2300 2204 2347 dubitet,
2237 2304 2425 2341 utrumne

124 2372 166 2413 in
207 2371 290 2413 illis
332 2369 439 2411 ludis
482 2367 757 2420 impudentiae
797 2368 906 2409 locus
948 2367 1034 2417 ipse
1077 2378 1128 2406 an
1168 2366 1432 2416 condiscipuli
1468 2379 1518 2407 an
1557 2378 1684 2418 genus
1722 2366 1948 2408 studiorum
1990 2367 2080 2417 plus
2117 2366 2212 2406 mali
2250 2366 2425 2419 ingeniis

124 2439 300 2479 afferant
330 2437 398 2490 (cf.
431 2437 526 2477 dial.
560 2449 621 2486 cp.
656 2440 719 2483 35,
756 2440 775 2475 1
809 2438 851 2474 et
884 2440 918 2475 7.
951 2436 1041 2484 sq.).
1104 2434 1216 2484 Quae
1248 2446 1325 2473 non
1359 2433 1594 2483 scripsisset
1621 2434 1800 2482 Tacitus,
1835 2434 1869 2473 si
1900 2447 1924 2473 a.
1953 2434 2096 2473 Niceta
2130 2433 2196 2484 (cf.
2221 2434 2423 2483 Waltber,

123 2540 164 2573 ab
195 2550 285 2572 anno
316 2539 357 2571 71
388 2548 498 2580 usque
529 2538 571 2569 ad
603 2538 645 2569 73
670 2536 776 2569 Asiae
807 2535 1043 2577 proconsulem
1076 2540 1109 2567 et
1143 2545 1231 2567 anno
1265 2536 1306 2566 Ἀ
1337 2534 1460 2566 iteruin
1491 2534 1663 2567 consulem
1693 2535 1802 2567 fuisse
1833 2538 1965 2567 constet
1997 2534 2057 2571 (cf.
2083 2534 2226 2566 Henzen
2263 2534 2331 2568 vol.
2356 2534 2423 2577 ΙΙΙ,

122 2597 210 2629 5418
240 2600 275 2628 et
304 2594 419 2634 5425).
477 2594 524 2626 Et
556 2598 639 2626 tunc
669 2593 805 2633 quidem
835 2592 1034 2624 Mucianum
1066 2592 1157 2623 inter
1188 2591 1286 2622 vivos·
1323 2591 1430 2622 fuisse
1461 2595 1495 2622 et
1526 2591 1690 2622 Actorum
1725 2590 1848 2621 librum
1879 2590 2092 2623 undecimum
2125 2594 2159 2622 et
2191 2590 2360 2630 epistulas
2390 2582 2426 2622 ei:

121 2659 322 2692 componere
348 2652 383 2682 et
408 2649 508 2681 edere
533 2647 687 2689 potuisse
714 2646 771 2687 (cf.
799 2647 879 2679 dial.
905 2647 957 2686 37,
983 2645 1017 2686 9)
1045 2645 1246 2678 facillimum
1277 2650 1331 2677 est
1356 2646 1398 2678 ad
1424 2645 1737 2678 demonstrandum.
1784 2645 1862 2677 Duo
1889 2649 2002 2676 autem
2029 2644 2093 2677 loci
2118 2645 2168 2677 illi
2195 2644 2259 2685 (cp.
2289 2645 2362 2677 17.6
2389 2647 2424 2677 et

122 2717 172 2748 cp.
204 2706 257 2739 24.
296 2702 362 2745 15),
399 2714 441 2737 ex
478 2703 601 2745 quibus
638 2703 728 2736 alius
767 2702 858 2736 effici
896 2701 984 2735 solet
1017 2712 1137 2734 annus
1175 2711 1250 2733 cum
1287 2700 1443 2734 inutilem
1478 2706 1512 2733 et
1545 2700 1725 2733 ridiculam
1759 2699 2015 2733 notissimarum
2049 2710 2159 2733 rerum
2192 2699 2425 2732 narrationem

120 2761 303 2804 proferant
327 2764 363 2793 et
385 2759 476 2802 Apri
501 2758 719 2801 argumentis
743 2762 890 2791 noceant
914 2757 1026 2799 magis
1053 2767 1153 2799 qnam
1185 2756 1320 2797 prosint
1350 2761 1382 2789 et
1411 2767 1525 2789 errore
1555 2756 1761 2798 gravissimo
1793 2756 1947 2788 laborent
1981 2762 2016 2789 et
2040 2766 2228 2789 sermonem
2260 2755 2425 2788 Latinum

120 2826 262 2861 prorsus
285 2815 451 2863 vitiosum
475 2815 668 2855 exhibeant,
695 2813 769 2848 sine
796 2813 864 2847 ulla
894 2812 1110 2847 dubitatione
1136 2812 1185 2845 ita
1209 2812 1264 2845 vel
1290 2812 1443 2854 corrupti
1468 2811 1523 2845 vel
1554 2811 1755 2853 interpolati
1780 2816 1870 2852 sunt,
1896 2815 1935 2845 ut
1961 2811 2046 2845 nihil
2072 2811 2150 2845 inde
2176 2813 2421 2854 cognascatur.
2484 2839 2487 2841 .

119 2865 475 2914 Postremoffetiamsi
499 2882 568 2905 non
592 2872 682 2904 idem
707 2871 849 2907 sentias,
876 2875 991 2903 tamen
1017 2870 1053 2903 in
1079 2880 1204 2902 annum
1231 2871 1273 2902 74
1297 2869 1440 2902 Tacitus
1470 2869 1645 2910 dialogum
1671 2868 1859 2901 transferre
1890 2868 2015 2910 potuit,
2041 2878 2116 2900 cum
2141 2877 2258 2901 annos,
2292 2867 2350 2908 qui
2374 2866 2423 2900 ibi

121 2923 372 2973 computentur,
408 2929 582 2965 rotundos.
622 2937 706 2970 quos
737 2927 846 2967 aiunt,
884 2936 959 2959 esse
993 2926 1173 2959 evidenter
1198 2925 1371 2958 Violetius
1407 2925 1601 2967 nuperrime
1634 2924 1824 2957 ostenderit
1856 2923 1915 2966 (cf.
1946 2924 2162 2958 Zahlworter
2192 2923 2245 2956 bei
2276 2922 2424 2957 Tacitus

120 2996 181 3030 pg.
206 2987 274 3019 230
299 2984 365 3028 sq)
