2708 3339
1357 49 1525 76 ¹·'*1„''⁴⁴.·⁴·‘-3⁴·
1553 52 1579 68 <2
1587 62 1607 76 4*ss

101 461 107 501 ἶ
131 453 310 513 ‘Qvixque
336 459 473 500 facere
490 469 537 499 se
565 469 696 509 posse,
727 458 824 507 quin
852 457 929 498 has
959 448 1226 507 indignitates
1255 457 1472 506 relinquat,
1504 461 1685 497 attamen
1716 457 1875 499 initium
1895 457 2099 510 gradatim
2117 456 2336 499 desinendi
2354 468 2444 498 sese

128 529 372 586 ¹facturum,
415 525 466 566 de
501 523 651 566 eisdem
687 525 809 566 rebus
843 537 933 566 eum
973 524 1148 566 scribere
1183 527 1357 573 co‘nstat,
1395 524 1538 573 quibus
1573 527 1684 565 totus
1713 525 1890 566 Materni
1925 537 2057 568 sermo
2086 522 2275 567 nititur.=
2305 523 2447 575 Neque

112 647 119 651 ρ
159 597 266 646 0111111
297 593 349 635 ad
379 592 491 635 aliud
512 592 732 643 quicquam
762 593 847 636 eius
878 594 1004 633 verba
1035 592 1190 633 diserta
1210 595 1406 643 spectant,
1438 591 1516 632 nisi
1546 591 1598 632 ad
1619 596 1819 633 secessum
1840 573 2134 635 defendendum
2155 596 2199 633 et
2224 591 2445 643 molestias,

101 666 103 668 ’
159 663 304 716 quibus
338 659 502 712 patroni
536 658 808 709 causidicique
845 658 953 699 illius
997 659 1148 700 aetatis
1185 659 1384 707 laborent,
1422 658 1546 699 oculis
1581 662 1771 708 tanquam
1802 659 2070 701 subiciendas.
2127 656 2292 701 Summa
2318 657 2448 719 igitur

160 728 357 772 sermonis
386 727 496 768 illius
526 739 616 766 cum
648 726 773 767 Plinii
802 727 938 767 verbis
974 727 1114 776 utique
1153 727 1351 777 congruit,
1395 731 1440 766 ut
1469 728 1588 776 paulo
1625 732 1720 766 ante
1750 739 1838 766 eam
1880 727 2107 777 epistulam
2145 738 2251 768 anno
2287 726 2448 768 scilieet
2493 772 2497 774 ,

160 795 390 843 00111051ωο,
430 793 618 844 dialogus
654 792 863 834 confectus
893 794 945 834 ad
975 793 1125 834 amicos
1155 793 1263 834 mitti
1293 793 1483 843 potuerit,
1520 792 1760 843 praesertim
1796 805 1885 833 cum
1914 793 2106 844 proximis
2142 805 2298 846 quoque
2327 793 2446 835 5111115

160 862 322 905 easdem
354 860 422 902 ille
452 870 551 913 quas
573 859 742 900 Tacitus
772 860 822 900 de
852 860 1035 911 plurimis
1064 861 1187 901 rebus
1219 860 1443 901 sententias
1473 860 1642 910 aperiat
1702 860 1770 900 Ita
1800 860 1878 907 ΙΙΙ,
1912 864 1934 900 3
1971 860 2100 911 exigit
2128 865 2444 912 praeceptorem,

163 928 276 970 cuius
317 927 479 967 scholae
521 926 734 974 severitas,
780 928 920 977 pudor,
966 928 1005 967 in
1051 928 1190 977 primis
1231 928 1399 967 castitas
1441 931 1618 977 constet,
1664 927 1743 976 III,
1789 932 1850 975 11,
1885 932 1908 966 6
1950 927 2272 978 philosophorum
2313 938 2447 968 mores

169 996 391 1046 vituperat,
423 994 495 1042 IV,
530 997 578 1034 13
601 997 648 1034 ut
666 993 835 1034 Tacitus
857 998 984 1045 optat,
1017 999 1062 1034 ut-
1083 994 1375 1034 adulescentuli
1397 995 1470 1034 sub
1491 994 1617 1035 oculis
1636 998 1853 1044 parentum
1872 994 2017 1045 pudice
2036 994 2143 1035 domi
2162 994 2447 1036 contineantur

160 1068 202 1105 et
231 1061 482 1104 erudiantur.
546 1062 602 1102 At
630 1061 692 1110 II,
727 1065 762 1110 3,
797 1067 818 1101 5
851 1063 1035 1103 rhetoras
1065 1062 1244 1102 sinceros
1273 1065 1315 1102 et
1344 1062 1544 1112 simplices
1574 1065 1615 1102 et
1644 1061 1814 1112 optimos
1845 1073 1936 1103 esse
1966 1062 2204 1114 scripserat!

363 1128 442 1169 Sed
471 1128 802 1178 quemadmodum
834 1142 884 1169 ex
913 1130 975 1169 his
1005 1130 1125 1169 rebus
1156 1128 1258 1168 certi
1289 1128 1382 1168 anni
1409 1128 1679 1169 coniecturam
1710 1141 1855 1179 capere
1885 1128 2117 1180 ambiguum
2148 1141 2237 1170 esse
2267 1129 2444 1170 libenter
2476 1147 2480 1151 ·

162 1198 366 1244 confiteor,
399 1198 458 1234 sic
488 1207 683 1234 summam
716 1197 840 1235 totius
871 1196 1022 1246 dialogi
1053 1197 1093 1235 in
1124 1207 1172 1234 ea
1203 1196 1351 1245 optime
1382 1200 1565 1245 tempora
1594 1196 1737 1235 referri
1766 1208 1885 1245 posse
1918 1207 2074 1243 censeo,
2105 1195 2249 1244 quibus
2278 1196 2447 1235 Tacitus

163 1275 269 1305 anno
307 1261 639 1312 quinquagesimo
669 1262 777 1303 vitae
806 1263 1166 1313 appropinquabat,
1205 1261 1438 1311 quibusque,
1477 1265 1608 1302 utrum
1651 1262 1884 1313 seiungeret
1918 1274 1962 1303 se
1992 1274 2019 1303 a
2053 1261 2204 1304 forensi
2231 1261 2370 1304 labore
2404 1264 2448 1303 et

166 1341 312 1371 causas
342 1329 588 1378 relinqueret
607 1340 744 1377 necne,
776 1328 1034 1377 deliberasse,
1067 1331 1112 1368 ut
1132 1328 1248 1368 multi
1279 1328 1365 1367 eius
1386 1328 1535 1368 aetatis
1555 1328 1735 1376 Romani,
1768 1328 1974 1379 putandus
1994 1331 2070 1369 est.
2128 1327 2292 1369 Summa
2311 1332 2446 1369 autem

165 1396 332 1448 dialogi,
364 1397 494 1445 quoad
525 1396 779 1446 paucissimis
809 1396 950 1436 verbis
982 1395 1255 1436 circumscribi
1285 1399 1431 1445 potest,
1470 1396 1570 1435 haec
1600 1400 1680 1435 est:
1714 1396 1943 1445 Inquietam
1974 1399 2017 1436 et
2048 1395 2211 1436 anxiam
2243 1399 2469 1441 oratorum.

163 1465 290 1505 vitam
321 1475 410 1504 esse
432 1463 600 1503 Tacitus
631 1464 705 1504 sub
726 1463 905 1504 Materni
938 1475 1108 1514 persona
1140 1463 1248 1511 dicit,
1281 1475 1353 1503 nec
1383 1462 1570 1503 insanum
1597 1463 1703 1503 ultra
1725 1474 1768 1503 se
1790 1466 1832 1503 et
1852 1462 2051 1504 lubricum
2070 1462 2201 1504 forum
2220 1462 2447 1512 famamque

164 1532 381 1583 pallentem
412 1530 614 1581 trepidum
646 1534 917 1581 experturum,
961 1531 1031 1570 sed
1063 1529 1220 1570 omissis
1250 1530 1466 1569 forensium
1498 1541 1708 1569 causarum
1740 1529 1952 1581 angustiis,
1990 1530 2030 1571 in
2061 1529 2207 1580 quibus
2236 1530 2338 1570 satis
2367 1529 2445 1570 sibi

163 1611 363 1650 superque
404 1599 591 1639 sudatum
636 1599 699 1646 sit,
744 1611 883 1639 securo
926 1611 968 1638 se
1011 1610 1173 1638 secessu
1210 1597 1423 1637 fruiturum
1461 1598 1512 1637 ad
1549 1597 1758 1646 fontesque
1794 1601 1835 1637 et
1864 1604 2030 1637 nemora
2059 1609 2104 1637 se
2132 1596 2444 1647 confugiturum.

162 1660 302 1716 Neque
340 1671 475 1706 tamen
512 1666 652 1716 negari
689 1678 806 1716 posse
843 1678 997 1706 summa
1036 1665 1153 1705 laude
1192 1665 1353 1715 dignam
1390 1677 1480 1704 esse
1517 1664 1804 1721 eloquentiam,
1842 1676 1921 1713 qua
1950 1664 2017 1713 qui
2047 1668 2231 1704 armatus
2261 1664 2326 1711 sit,
2357 1675 2446 1704 eum

165 1746 314 1785 magna
356 1733 500 1773 florere
540 1733 723 1783 potentia
767 1737 808 1772 et
847 1733 977 1784 gloria
1007 1731 1165 1784 (Aper).
1223 1732 1301 1772 Sed
1344 1732 1543 1782 destringi
1574 1736 1769 1772 oratorem
1802 1731 1988 1772 maximis
2031 1731 2082 1772 de
2117 1731 2269 1782 optimo
2299 1743 2447 1782 genere

166 1801 327 1841 dicendi
358 1799 581 1840 discordiis.
641 1800 746 1840 Aliis
777 1800 882 1839 enim
912 1799 1011 1839 nihil
1042 1799 1082 1839 in
1113 1800 1245 1839 causis
1286 1800 1453 1849 agendis
1489 1800 1648 1850 placere
1678 1799 1755 1839 nisi
1790 1799 2034 1839 brevitatem
2065 1799 2125 1849 (in
2155 1810 2225 1839 eos
2255 1799 2453 1856 Messalla

166 1867 418 1917 potissimum
450 1866 521 1907 sed
551 1866 673 1907 etiam
705 1868 816 1917 Aper
837 1866 1066 1907 declamat).
1100 1866 1200 1905 alios
1222 1865 1283 1906 sui
1305 1866 1457 1906 saeculi
1487 1866 1714 1916 eloquentia
1737 1873 1779 1905 et
1798 1866 1928 1906 colore
1950 1866 2105 1917 poetico
2125 1877 2215 1907 esse
2236 1869 2448 1907 contentos

166 1933 325 1986 (Aper),
364 1934 466 1973 alios
503 1945 597 1973 vero
627 1933 808 1973 omnibus
838 1933 953 1982 quasi
983 1933 1085 1972 velis
1116 1933 1167 1972 ad
1197 1933 1461 1981 antiquorum,
1500 1934 1539 1972 in
1570 1933 1708 1983 primis
1744 1933 1795 1971 ad
1825 1932 2029 1972 Ciceronis
2059 1932 2327 1973 imitationem
2357 1932 2449 1973 vehi

167 2001 410 2050 (Messalla),
432 2001 576 2050 quibus
598 2001 757 2049 quidem
773 2001 945 2040 011111111111
963 2001 1131 2049 primum
1153 2000 1202 2039 de
1223 2000 1438 2040 liberorum
1456 2000 1693 2039 educatione
1710 1999 1908 2039 radicitus
1923 2000 2121 2040 mutanda
2140 2003 2183 2039 et
2199 1999 2449 2040 emendanda

166 2067 427 2118 cogitandum
458 2080 546 2108 esse
578 2066 819 2119 (Messalla).
881 2068 1063 2107 Ceterum
1095 2067 1167 2107 sub
1199 2066 1347 2116 optimo
1377 2072 1417 2107 et
1453 2066 1750 2116 sapientissimo
1781 2066 1961 2117 principe
1998 2065 2214 2119 (Traiano)
2250 2069 2450 2112 oratorem

166 2146 245 2174 non
276 2137 435 2174 tantum
467 2134 709 2174 auctoritate
740 2135 887 2182 valere,
921 2138 1111 2184 quantum
1143 2132 1332 2182 inquietis
1363 2133 1513 2173 liberae
1543 2132 1791 2183 reipublicae
1822 2132 2083 2184 temporibus.
2141 2133 2280 2183 Neque
2309 2132 2449 2174 eodem

167 2206 347 2251 tempore
384 2213 571 2251 magnam
602 2201 748 2240 famam
786 2212 1021 2249 quemquam
1060 2200 1222 2248 assequi
1251 2212 1367 2250 posse
1398 2205 1438 2239 et
1468 2212 1653 2250 magnam
1683 2200 1871 2249 quietem,
1909 2200 1979 2239 sed
2009 2201 2072 2240 sui
2101 2200 2270 2249 quisque
2299 2199 2450 2240 saeculi

170 2268 271 2307 bono
303 2268 406 2307 citra
437 2268 769 2308 obtrectationem
799 2269 968 2307 alterius
1000 2270 1140 2306 utatur
1169 2267 1423 2315 (Maternus).
2040 2254 2047 2259 ⁴

370 2335 531 2374 Latitat
569 2339 704 2374 autem
742 2335 814 2373 sub
849 2334 912 2373 his
942 2333 1119 2373 Materni
1148 2334 1283 2373 verbis
1318 2333 1445 2383 ipsius
1476 2333 1606 2373 Taciti
1643 2333 1847 2373 sententia
1876 2334 1993 2373 haec:
2033 2333 2106 2374 Cui
2135 2345 2211 2375 nec
2244 2333 2451 2373 deminuta

169 2401 424 2450 eloquentiae
442 2405 621 2451 potestas
637 2413 711 2441 nec
730 2401 1092 2442 diversissimarum
1109 2401 1244 2451 populi
1260 2401 1414 2440 aurium
1432 2400 1545 2451 copia
1561 2402 1764 2450 probetur,
1787 2412 1878 2441 eum
1899 2413 1970 2441 suo
1991 2401 2091 2450 iure,
2114 2401 2182 2441 ubi
2198 2400 2450 2441 iuventutem

169 2467 255 2507 foro
285 2468 529 2517 iudiciisque·
545 2468 747 2516 tribuerit,
780 2468 933 2508 ultimis
954 2467 1112 2517 quidem
1133 2467 1245 2507 vitae
1266 2468 1383 2508 annis
1404 2468 1454 2508 ad
1477 2468 1614 2508 villam
1637 2472 1679 2508 et
1698 2480 1809 2508 mare
1830 2472 1872 2508 et
1892 2468 1991 2509 litus
2011 2472 2054 2509 et
2074 2468 2200 2509 silvas
2220 2467 2448 2518 confugere,

169 2533 305 2585 ibique
335 2547 441 2576 1111110
471 2539 582 2576 terra
619 2547 723 2576 nunc
760 2535 863 2576 mari
899 2547 1043 2586 corpus
1080 2535 1248 2585 agitare,
1287 2536 1454 2575 multum
1486 2535 1704 2586 disputare,
1743 2535 1912 2576 multum
1948 2535 2089 2577 audire
2126 2535 2450 2585 sermonibusque

171 2603 417 2651 sapientium
448 2604 658 2651 interesse,
691 2603 777 2644 sive
807 2603 988 2642 carmina
1018 2614 1207 2652 pangere,
1240 2607 1285 2641 111
1315 2603 1557 2649 Maternum,
1590 2603 1675 2642 sive
1706 2625 1759 2630 —
1791 2608 1837 2642 ut
1865 2603 2009 2653 ipsum,
2040 2603 2232 2643 historias
2262 2602 2448 2643 scribere.

171 2670 311 2717 Aeque
333 2681 381 2710 ac
398 2670 564 2710 Tacitus
585 2670 743 2720 plurimi
765 2673 849 2709 tum
867 2673 1003 2709 aetate
1020 2669 1199 2719 provecti
1221 2669 1456 2709 iudicabant
1476 2674 1518 2709 et
1535 2681 1622 2709 cum
1645 2682 1668 2709 a
1691 2670 1866 2720 strepitu
1886 2670 1998 2710 urbis
2018 2669 2272 2719 lacrimisque
2293 2680 2450 2709 reorum

170 2737 213 2773 et
243 2734 328 2775 foro
350 2736 626 2785 recessissent,
658 2736 746 2776 vita
767 2736 896 2776 otiosa
926 2735 1177 2775 fruebantur.
1238 2735 1303 2775 Ita
1323 2735 1562 2776 nobilissimi
1582 2737 1656 2776 sub
1678 2737 1855 2777 Traiano
1879 2737 1965 2786 viri,
1998 2736 2225 2781 Antoninus
2254 2734 2321 2783 (οᾗ
2343 2734 2448 2776 Ρ1111.

171 2811 261 2850 epp.
294 2801 364 2850 IV,
399 2797 440 2853 33
471 2803 544 2851 IV,
579 2808 647 2842 18:
680 2803 727 2851 V,
765 2805 830 2850 15)
861 2802 1063 2852 Spurinna
1083 2802 1203 2853 (Epp.
1225 2802 1301 2846 ΙΙΙ,
1337 2809 1376 2851 13
1408 2803 1457 2850 V,
1493 2802 1576 2851 17,)
1596 2802 1817 2843 Passienus
1840 2803 2008 2843 Paullus
2039 2803 2127 2853 (VI,
2163 2807 2230 2851 15;
2260 2801 2354 2850 vn,
2377 2805 2450 2851 22;

210 2862 212 2864 ’
289 2867 358 2918 22)
387 2869 592 2920 Vergilius
633 2871 838 2910 Romanus
879 2869 966 2917 (VI,
1001 2872 1084 2916 21),
1125 2869 1316 2909 Caninius
1352 2869 1425 2918 (II,
1460 2868 1513 2920 4),
1556 2869 1722 2909 Sentius
1763 2869 1999 2920 Augurinus
2040 2869 2128 2917 (IV,
2160 2872 2241 2916 27),
2277 2867 2453 2908 fortasse

171 2931 297 2983 etiam
327 2935 544 2986 Pompeius
576 2936 818 2977 Saturninus
848 2936 897 2985 (I,
933 2941 973 2986 83
1006 2936 1038 2984 Ι,
1074 2934 1153 2987 16),
1185 2936 1389 2976 Mauricus
1420 2937 1506 2988 (VI,
1544 2935 1623 2988 14),
1655 2936 1871 2977 Terentius
1899 2936 2046 2977 Junior
2074 2935 2183 2986 (VII,
2216 2933 2299 2987 25),
2328 2934 2455 2978 Silius

172 2998 343 3041 Italicus
383 3002 478 3051 (III,
514 3006 554 3052 7)
597 3003 668 3043 alii
706 3003 823 3044 multi
860 3003 925 3042 vel
961 3003 1125 3043 summis
1163 3002 1291 3043 functi
1327 3003 1543 3043 honoribus
1572 3003 1638 3043 vel
1673 3002 1936 3043 suadentibus
1970 3002 2086 3043 annis
2124 3001 2187 3042 vel
2217 2999 2476 3043 valetudine

173 3066 303 3107 coacti
338 3068 404 3109 vel
441 3068 620 3110 amicitia
656 3069 849 3120 principis
886 3069 1056 3120 publicis
1092 3068 1268 3120 negotiis
1303 3069 1479 3121 exempti
1521 3069 1561 3109 in
1597 3081 1717 3120 agros
1753 3080 1796 3109 se
1831 3072 2080 3120 receperant,
2126 3070 2172 3108 ut
2206 3066 2365 3110 Plinius
2410 3072 2456 3110 et

78 299 105 325 ὦ
127 318 131 322 ἃ
156 329 268 375 mes
279 294 397 378 'etq-
413 308 479 367 s.-
507 319 575 365 Ad
601 324 858 386 postremum,
899 322 934 364 si
959 322 1118 364 Plinius
1146 307 1187 364 in
1216 322 1298 364 fine
1326 321 1525 374 epistulae
1555 321 1596 376 (ξ
1629 295 1840 371 14)1111115
1868 335 1922 366 re
1941 331 2006 365 50
2015 322 2184 366 retinen‘
2212 321 2255 365 in
2283 322 2372 365 fom
2392 325 2466 372 ets

155 377 322 444 iudiciis
348 389 507 443 scribit,
538 388 617 431 nisi
646 389 827 443 utilitate
857 390 1074 431 amicorum
1103 393 1146 430 et
1173 390 1334 430 ratione
1353 390 1502 430 aetatis
1531 390 1721 440 (nondum
1742 390 2023 451 quadraginta
2039 401 2169 440 annos
2187 393 2310 432 1151115
2337 393 2445 441 erat)
