3599 3741
570 425 779 486 mmm
791 367 933 479 Iside
948 444 1070 487 quam
1099 445 1273 476 maxime
1281 432 1504 475 floreret.-

540 698 900 757 praetermitteret.
961 701 1063 744 Eius
1091 702 1219 754 igitur
1246 702 1459 743 autoritati
1479 702 1635 743 Plinius
1666 714 1745 742 non
1775 702 1888 741 modo
1919 708 2031 741 suam
2061 702 2132 741 sed
2161 701 2286 752 etiam
2309 700 2455 749 Taciti,
2485 700 2566 742 viri
2585 700 2817 756 gravissimi

541 776 585 817 01,
620 760 922 819 litteratissimi,
963 782 1165 821 opponere
1207 771 1356 811 studet.
1426 770 1483 810 Et
1524 769 1735 820 plurimum
1771 768 1851 809 illis
1887 768 2133 819 temporibus
2169 780 2239 809 eos
2273 768 2464 818 valuisse,
2506 767 2576 818 qui
2610 767 2824 824 Gracchos

532 839 809 888 ”Catonemque
839 835 972 877 Tullio
1008 836 1275 888 praeferrent,
1317 849 1405 878 cum
1443 849 1492 877 ex
1527 837 1682 887 aliquot
1718 835 1870 887 dialogi
1906 836 2016 880 locis,
2054 847 2151 885 quos
2186 847 2310 886 supra
2345 835 2522 883 laudavi,
2559 833 2818 892 manifestum

541 909 616 954 est,
640 898 747 953 tuin,
778 904 880 954 quod
904 903 1149 952 Hadrianus,
1183 917 1269 944 cum
1300 905 1483 954 oratione
1513 904 1770 954 imperatoris
1800 904 1840 943 in
1863 907 2007 943 senatu
2028 903 2231 953 agrestius
2261 902 2522 953 pronuntiata
2552 906 2595 943 et
2621 902 2708 944 risa
2725 901 2820 953 inde

541 973 594 1012 ab
623 983 728 1012 anno
761 975 839 1011 101
872 970 1086 1011 facundiae
1117 983 1277 1021 operam
1310 972 1438 1019 daret,
1470 983 1597 1021 genus
1628 971 1727 1011 illud
1758 975 1962 1010 vetustum
1993 969 2152 1010 dicendi
2182 969 2283 1009 adeo
2313 969 2530 1018 adamavit,
2561 973 2608 1010 ut
2628 964 2818 1011 *Ciceroni
2845 983 2848 986 ·

540 1039 748 1086 Catonem,
763 1036 945 1088 Vergilio
960 1036 1146 1086 Ennium,
1166 1037 1357 1078 Sallustio
1375 1038 1550 1078 Coelium
1567 1037 1792 1087 praeferret
1813 1037 1880 1088 (cf.
1898 1036 2054 1076 Aelium
2072 1036 2342 1086 spartianum,
2360 1037 2592 1076 Hadrianus
2612 1048 2673 1086 cp.
2691 1036 2771 1084 III,
2797 1041 2816 1076 1

539 1110 581 1145 01
610 1117 670 1155 cp.
702 1105 814 1152 XVI,
850 1104 987 1155 5—6).
1048 1105 1194 1153 Itaque
1232 1105 1293 1143 his
1332 1117 1486 1153 quoque
1523 1106 1642 1144 rebus
1679 1104 1876 1144 adductus
1912 1108 2024 1144 recte
2058 1093 2222 1143 litteras
2257 1104 2349 1143 illas
2387 1115 2493 1143 anno
2524 1110 2574 1142 98
2613 1103 2818 1144 ascribere

539 1172 635 1212 mihi
666 1171 819 1212 videor.

740 1237 875 1289 Quare
911 1249 998 1277 cum
1036 1238 1237 1288 dialogum
1276 1243 1369 1277 ante
1412 1238 1520 1278 illam
1562 1238 1774 1288 epistulam
1818 1238 1999 1287 componi
2040 1249 2120 1277 non
2161 1236 2343 1286 pot-uisse
2380 1235 2752 1284 demonstraverim,
2794 1248 2820 1276 a

537 1305 679 1345 Tacito
710 1308 807 1344 ante
837 1305 995 1344 initium
1026 1306 1193 1344 01111199
1226 1305 1452 1355 bibliopolis
1483 1305 1659 1344 traditus
1679 1317 1757 1344 non
1780 1310 1854 1344 est.
1915 1304 2179 1352 Aliquantum
2210 1303 2316 1343 0111111
2346 1303 2550 1353 temporis,
2582 1315 2671 1344 cum
2695 1303 2819 1343 libros

540 1371 686 1412 edendi
721 1371 823 1413 artis
860 1371 1033 1412 nondum
1070 1371 1237 1422 peritior
1267 1376 1386 1421 esset,
1420 1372 1459 1411 in
1491 1370 1672 1422 legendis
1702 1377 1744 1411 et
1774 1370 2038 1422 excerpendis
2071 1370 2287 1419 Ciceronis,
2325 1370 2514 1419 Senecae,
2552 1369 2819 1421 Quinctiliani

537 1438 650 1479 libris
671 1439 965 1489 consumpsisse
993 1450 1092 1487 eum,
1127 1439 1272 1479 deinde
1303 1440 1443 1480 amicis
1474 1437 1664 1480 libellum.
1698 1444 1743 1478 ut
1772 1444 1869 1479 tunc
1888 1439 2009 1479 moris
2032 1444 2132 1484 erat,
2165 1438 2335 1485 misisse,
2367 1443 2451 1477 tum
2473 1438 2632 1488 publice
2652 1438 2814 1488 legisse,

537 1505 589 1545 ad
620 1508 864 1554 postiemum
901 1506 1142 1554 bibliopolae
1185 1518 1272 1545 eum
1320 1506 1357 1545 in
1405 1506 1653 1554 exemplaria
1698 1506 2047 1545 transcribendum
2094 1511 2135 1543 et
2180 1505 2431 1544 vendendum
2468 1505 2682 1544 mandasse
2712 1505 2816 1544 veri-

538 1571 784 1612 simillimum
814 1576 887 1612 001

739 1640 776 1678 A
821 1651 897 1688 quo
942 1639 1101 1689 quidem
1147 1652 1250 1679 anno
1294 1640 1454 1680 minime
1500 1640 1702 1687 amor-,iet
1751 1638 1855 1688 quod
1900 1638 2066 1679 Tacitus
2109 1638 2351 1689 Quintiliani
2396 1638 2721 1685 institutionibus
2763 1639 2817 1678 ad

538 1705 824 1744 conficiendum
856 1705 1057 1754 dialogum
1089 1706 1342 1754 apertissime
1373 1718 1468 1745 110110·
1491 1712 1564 1745 est.
1625 1707 1727 1744 Eum
1760 1711 1893 1745 autem
1925 1705 2107 1754 plurimis
2127 1705 2224 1744 locis
2250 1716 2339 1744 cum
2370 1705 2727 1746 institutionibus
2716 1706 2818 1756 ipsis

537 1771 672 1811 verbis
694 1783 915 1821 congruere
944 1776 985 1811 et
1011 1772 1103 1812 inde
1125 1784 1150 1811 a
1171 1771 1366 1819 Rbenani,
1390 1772 1529 1822 Lipsii,
1554 1771 1740 1815 Acidalii,
1764 1771 1975 1820 Pichenae,
2001 1771 2180 1820 Gruteri,
2210 1770 2490 1819 Freinshemii,
2521 1771 2815 1813 Gronoviorum

537 1838 783 1889 temporibus
819 1838 1070 1879 notissimum
1106 1839 1185 1879 fuit
1221 1844 1261 1878 et
1291 1839 1353 1879 his
1390 1839 1506 1879 annis
1543 1851 1566 1878 a
1596 1838 1763 1888 Vogelio
1794 1838 1860 1888 (de
1891 1838 2041 1889 dialogi
2072 1850 2251 1878 sermone
2282 1849 2347 1889 pg.
2381 1841 2463 1878 254
2492 1838 2571 1888 sq.)
2601 1850 2628 1878 a
2656 1839 2813 1879 (111-11011-

540 1905 685 1945 waldio
706 1906 827 1955 (quae
848 1906 952 1946 ratio
973 1907 1223 1946 intercedere
1246 1906 1433 1946 videatur
1454 1906 1561 1946 inter
1582 1905 1823 1957 Quintiliani
1845 1905 2139 1945 institutionem
2161 1910 2203 1945 et
2224 1906 2359 1946 Taciti
2380 1905 2585 1957 dialogum
2606 1918 2671 1957 pg.
2693 1911 2713 1946 ’1
2736 1906 2816 1957 sq.)

538 1985 563 2012 a
583 1972 774 2013 Kleibero
805 1973 918 2023 (qnid
938 1972 1103 2013 Tacitus
1135 1972 1175 2013 iu
1207 1973 1364 2024 dialogo
1395 1974 1594 2023 prioribus
1625 1974 1886 2023 scriptoribus
1917 1974 2063 2013 debeat
2090 1986 2154 2024 pg.
2180 1979 2229 2014 82
2252 1977 2330 2023 sq.)
2360 1974 2533 2024 aliisque
2552 1973 2653 2014 viris
2673 1973 2816 2022 doctis,

538 2044 582 2079 ut
612 2039 787 2079 taedium
826 2052 903 2080 non
942 2052 1099 2090 semper
1139 2041 1345 2091 effugiant,
1384 2041 1527 2081 iterum
1567 2045 1606 2079 et
1644 2041 1802 2090 saepius
1838 2044 2102 2081 monstratum
2139 2045 2212 2081 est.
2274 2041 2391 2092 Quod
2420 2041 2481 2081 ita
2510 2052 2647 2081 omnes
2677 2041 2817 2091 fere‚*)

537 2119 635 2155 quos
674 2107 833 2156 quidem
866 2107 1044 2157 legerim,
1090 2108 1420 2157 interpretantur,
1460 2113 1504 2148 ut
1534 2108 1716 2148 Tacitum
1750 2106 1986 2158 Quintiliani
2023 2108 2147 2148 fuisse
2177 2109 2401 2150 auditorem
2439 2109 2700 2150 contendant.
2761 2110 2818 2150 At

535 2173 622 2213 fieri
660 2186 739 2213 non
778 2174 921 2223 potuit,
960 2180 1004 2214 ut
1034 2175 1203 2214 Tacitus
1241 2176 1571 2215 adulescentulus
1602 2175 1848 2225 Quint-iliano
1885 2186 2045 2224 operam
2085 2175 2211 2214 daret.
2274 2176 2412 2215 Missis
2447 2176 2552 2216 enim
2583 2176 2675 2216 aliis
2705 2175 2815 2224 10010,

536 2251 585 2279 ex
622 2241 766 2289 quibus
796 2241 896 2280 nihil
933 2242 1032 2281 certi
1071 2242 1119 2280 de
1151 2241 1284 2281 Taciti
1327 2254 1430 2282 anno
1469 2242 1595 2281 natali
1632 2241 1767 2291 colligi
1807 2241 1979 2286 videtur.
2019 2242 2058 2281 in
2089 2242 2305 2295 Agricolae
2340 2254 2403 2293 cp.
2438 2248 2461 2281 3
2498 2243 2540 2282 in
2575 2244 2633 2283 eis
2670 2243 2738 2283 ille
2773 2254 2818 2282 se

534 2306 748 2347 iuvenibus
791 2312 988 2356 numerat,
1032 2309 1098 2357 qui
1141 2309 1193 2347 ad
1234 2313 1482 2348 senectutem
1525 2308 1795 2358 pervenerint.
1858 2309 1991 2357 Quare
2032 2320 2120 2347 cum
2161 2300 2314 2358 primus
2350 2311 2574 2350 senectutis
2617 2309 2812 2350 terminus

534 2384 662 2414 annus
693 2374 1029 2424 quadragesimus
1059 2378 1197 2414 sextus
1229 2375 1283 2413 sit
1312 2374 1377 2423 (cf.
1403 2374 1577 2414 Gellium
1603 2374 1718 2414 Noct.
1734 2375 1828 2427 ΑΑ11.
1852 2374 1904 2421 X,
1941 2379 2003 2423 28,
2039 2374 2080 2422 1)
2111 2379 2153 2415 01
2182 2376 2416 2425 Agricolam
2446 2387 2551 2416 anno
2581 2381 2633 2415 98
2661 2376 2814 2417 editum

533 2450 623 2480 esse
653 2444 764 2481 recte
794 2441 1078 2481 Mommsenius
1107 2441 1396 2482 monstraverit
1432 2442 1620 2491 (Hermes
1651 2441 1725 2490 ΙΙΙ,
1758 2453 1821 2491 pg.
1848 2441 1955 2490 106),
1989 2454 2066 2490 quo
2097 2447 2278 2492 tempore
2308 2443 2539 2492 Agricolam
2569 2443 2814 2494 publicabat,

533 2506 700 2547 Tacitus
721 2520 847 2548 annos
869 2508 933 2548 vel
955 2508 1130 2558 quinque
1153 2508 1217 2548 vel
1240 2520 1311 2548 sex
1343 2513 1385 2548 et
1421 2507 1693 2557 quadraginta
1723 2512 1843 2547 natus
1875 2513 1974 2548 erat.
2036 2510 2152 2549 Anno
2180 2508 2308 2560 igitur
2329 2514 2380 2550 52
2403 2510 2466 2550 vel
2489 2514 2539 2550 53
2570 2522 2657 2550 cum
2687 2511 2814 2551 lucem

536 2574 755 2622 aspexerit,
790 2574 937 2624 optime
968 2574 1006 2613 in
1039 2574 1211 2624 dialogo,
1245 2574 1311 2623 qui
1333 2586 1436 2613 anno
1461 2574 1575 2622 74²²²*)
1605 2575 1766 2613 babitus
1796 2574 1975 2623 fingitur,
2009 2575 2193 2615 iuvenem
2223 2576 2446 2624 admodum,
2479 2576 2518 2615 id
2549 2583 2613 2616 est
2643 2577 2814 2617 nondum

733 2729 766 2769 '³‘)
793 2730 961 2772 Vogelius
996 2730 1032 2779 (1.
1064 2730 1086 2763 1.
1117 2731 1197 2770 253)
1228 2741 1269 2764 ex
1300 2730 1348 2764 eis
1381 2737 1442 2764 est
1477 2730 1535 2772 qni
1567 2741 1586 2762 a
1616 2730 1715 2763 11111
1749 2730 1844 2763 Jnsri
1878 2731 1984 2764 amico
2016 2731 2189 2773 dialogum
2227 2742 2301 2765 esse
2332 2732 2552 2774 compositum
2584 2731 2678 2764 nulla
2709 2740 2814 2766 (ausa

533 2783 667 2824 fir-clati
693 2795 755 2826 pro
784 2791 876 2833 certo
900 2786 955 2817 vel
982 2786 1096 2827 potius
1123 2786 1158 2818 in
1182 2796 1315 2819 cassum
1342 2787 1524 2819 afui-‚ment

731 2842 786 2880 **)
810 2841 902 2877 Post
919 2852 995 2875 eum
1019 2841 1109 2874 enim
1135 2852 1262 2875 annum
1280 2841 1436 2876 Tacitum
1466 2842 1543 2883 „iux
1548 2851 1642 2875 enem
1669 2842 1865 2875 admodum
1893 2842 1949 2884 (1·1.
1976 2844 2057 2877 dial.
2079 2845 2103 2878 Ι
2132 2842 2187 2886 15)
2220 2845 2242 2877 i.
2316 2849 2448 2883 „aetate
2474 2844 2636 2877 honorum
2660 2832 2810 2878 nondum

529 2896 666 2938 capaci
694 2897 801 2931 fuisse
827 2908 925 2940 nego,
961 2897 1189 2940 (utramque
1186 2901 1393 2931 structuram
1418 2898 1506 2930 idem
1530 2898 1571 2930 de
1589 2897 1723 2939 Regulo
1750 2898 1901 2931 delatore
1927 2900 2117 2941 promiscue
2135 2900 2230 2933 Hist,
2254 2860 2287 2933 -1,
2311 2902 2353 2933 42
2378 2898 2541 2939 adhibet).
2600 2900 2643 2932 In
2667 2899 2812 2939 eundem

529 2948 708 2993 praeterea
746 2964 873 2987 annum
909 2954 1035 2995 optime
1066 2954 1160 2986 cadit
1196 2954 1343 2995 „nuper“
1375 2954 1469 2994 illud,
1502 2954 1590 2995 qnod
1621 2953 1700 2987 dial.
1732 2956 1761 2991 5
1792 2956 1834 2988 35
1865 2954 2006 2994 legitur.
2059 2956 2178 2999 Nuper
2207 2957 2295 2990 enim
2326 2956 2409 2989 dicit
2438 2955 2580 2997 Eprium
2609 2955 2813 2992 lurconum

527 3007 614 3042 1111111
647 3009 740 3043 aliud
773 3009 931 3052 patribus
963 3010 1101 3044 infestis
1135 3020 1235 3052 qnam
1266 3010 1494 3053 eloquentiam
1526 3020 1621 3043 suam
1654 3011 1864 3053 opposuisse.
1912 3012 1964 3046 Ea
1996 3016 2110 3046 autem
2140 3012 2314 3046 contentio
2347 3011 2381 3045 in
2406 3015 2527 3045 senatu
2558 3020 2651 3046 anno
2675 3012 2721 3048 70
2741 3013 2813 3048 mit
2842 3050 2845 3052 ,

528 3062 626 3104 Quod
650 3075 732 3098 vero
756 3065 900 3099 Tacitus
933 3066 1012 3099 dial.
1037 3067 1068 3106 8,
1099 3068 1154 3100 23.
1201 3066 1344 3108 Eprium
1369 3066 1570 3100 Marcellum
1600 3076 1690 3100 1111110
1714 3068 1902 3110 principem
1928 3069 1962 3102 in
1987 3069 2147 3102 Caesaris
2181 3069 2333 3101 amicitia
2356 3077 2458 3109 agere
2482 3073 2517 3100 et
2541 3077 2663 3110 gerere
2685 3073 2825 3103 01111018·

527 3119 657 3161 scribit,
683 3122 726 3154 ad
753 3132 879 3156 annum
905 3123 948 3155 74
973 3122 1099 3164 optime
1124 3122 1293 3162 convenit,
1320 3132 1394 3156 011111
1418 3122 1515 3156 11111111
1539 3132 1627 3155 anno
1654 3123 1697 3155 70
1720 3123 1811 3156 inter
1834 3124 2091 3166 potentissimos
2122 3123 2275 3157 civitatis
2300 3122 2358 3165 (cf.
2383 3122 2481 3157 nist.
2503 3123 2534 3167 4,
2560 3124 2605 3157 43
2628 3121 2705 3168 04),
2729 3123 2839 3159 111110*

1533 432 1648 485 Quod
1679 444 1726 487 eo
1755 431 1887 484 magis
1916 431 2062 483 placet,
2094 410 2207 481 quod
2228 429 2308 472 vin
2337 429 2446 472 1111110
2474 417 2586 471 docti
2613 433 2657 471 et
2683 429 2817 481 periti,
2921 426 2925 428 ’

499 492 722 556 fananum
738 485 884 553 Plinio
902 500 1092 556 ,1104110110
1120 501 1172 542 de
1202 501 1404 544 actionum
1438 499 1599 542 dicendi
1634 511 1782 552 genere
1817 498 2067 550 disputatio
2071 502 2177 549 erat,
2213 508 2359 540 nomen
2383 509 2468 539 11011
2497 496 2660 549 iegitur.
2717 497 2820 539 Inde

374 622 378 626 ¹
526 565 657 624 ’,0111111
671 560 816 611 tantae
845 567 936 610 eum
965 570 1051 610 sive
1080 569 1122 611 in
1152 581 1195 609 re
1215 568 1376 619 publica
1405 568 1494 609 sive
1522 568 1632 618 apud
1659 566 1881 618 principem
1910 566 2170 606 auctoritatis
2197 565 2336 606 fnisse
2353 569 2541 616 apparet,
2572 569 2631 606 ut
2646 563 2815 614 Ρ11111110,

334 633 351 690 j
539 632 628 680 cum
648 623 1028 692 „illiusstsententiae
1057 636 1315 687 impugnaret
1344 640 1397 685 et,
1429 639 1474 676 ut
1503 635 1668 675 Tacitus
1698 635 1804 675 idem
1825 633 1989 681 faceret,
2021 637 2192 684 optaret,
2224 645 2275 674 ne
2294 644 2386 674 eum
2404 631 2638 681 offenderet,
2669 643 2814 673 nomen
