2708 3339
1255 99 1360 140 VIII

160 233 259 272 tunc
287 231 462 272 maxime
504 231 644 272 multis
681 231 842 281 quidem
873 231 1075 282 clarisque
1106 232 1302 282 exemplis
1336 231 1520 275 floruisse
1550 233 1722 285 legimus
1751 234 1822 287 (X,
1856 234 1910 285 1),
1949 234 2101 287 optime
2136 236 2179 278 in
2215 232 2407 289 annum,
2485 255 2501 263 Ἀ
2503 255 2557 292 33³-
2562 220 2641 297 ᾗ)

159 296 478 348 transferuntur,
517 309 606 349 quo,
644 302 691 340 ut
719 310 842 340 unum
871 298 1092 351 adiungam
1122 299 1361 350 exemplum,
1396 299 1627 351 Agricolam
1655 300 1826 343 Tacitus
1861 300 2047 344 editurus
2074 302 2167 346 erat
2194 298 2451 369 (Mommsen,
2466 295 2579 351 ’.[ᾇμ·
2598 285 2617 311 ³⁴

159 363 186 404 1.
217 364 244 405 1.
275 376 343 415 pg.
378 364 477 417 106)
513 365 564 405 ad
603 364 944 416 Germaniamque
988 366 1301 416 componendam
1347 366 1520 407 animum
1566 372 1836 408 converterat.
1904 368 2014 409 Anni
2056 366 2186 423 igitur
2226 366 2278 410 98
2315 366 2472 423 April}

157 431 294 471 nunus
324 431 410 471 fere
440 432 527 472 dies
557 431 648 481 fuit,
696 444 773 480 quo
808 444 887 471 non
918 436 1129 482 poetarum
1160 432 1368 481 quisquam
1401 434 1607 473 recitaret.
1668 434 1775 485 (epp.
1819 435 1938 484 XIII,
1978 435 2034 486 1.)
2092 436 2252 487 Quodsi
2273 432 2471 495 epistula·
2504 427 2542 467 ῗῙ

158 497 315 540 dec-..ima
342 510 483 540 mense
501 497 700 540 Januario
730 503 773 540 et
802 498 929 540 tertia
959 499 1116 540 decima
1146 499 1266 549 paulo
1297 504 1388 550 post
1409 499 1617 541 Kalendas
1639 501 1771 542 Maias
1801 490 1980 544 eiusdem
2009 502 2107 545 anni
2136 500 2317 555 scriptae
2323 496 2445 557 sunt,
2513 498 2517 501 ⁷

157 568 205 605 ut
250 565 464 605 notissima
511 565 585 605 illa
633 565 871 606 duodecima
913 565 1129 605 interiecto
1174 567 1366 617 temporis
1412 567 1543 616 spatio
1588 566 1639 606 ad
1681 567 1974 609 Calestrionem
2012 569 2202 610 Tironem
2245 571 2344 610 data
2378 571 2446 618 sit,

157 632 352 682 sequitur.
413 633 479 672 Ex
509 644 558 672 ea
588 636 724 673 autem
755 633 932 682 epistula
962 634 1061 673 haec
1083 634 1232 683 optime
1253 645 1340 673 cum
1363 645 1468 672 anno
1491 638 1541 673 98
1564 638 1808 684 congruunt:
1841 635 2013 676 Venisse
2034 635 2139 676 enim
2159 648 2204 677 se
2223 637 2448 680 Domitiani
2485 641 2488 643 ’

150 699 407 753 ‚temporibus
448 699 501 740 ad
530 699 744 741 Corellium
773 699 924 740 Rufum
967 699 1006 740 in
1039 700 1270 740 suburbano
1301 699 1341 740 in
1373 699 1557 741 cubiculo
1588 700 1791 741 iacentem
1821 699 1861 754 (ξ
1891 700 1932 754 6)
1962 701 2120 744 Plinius
2149 715 2229 745 non
2260 702 2445 755 dixisset,

155 766 234 806 nisi
272 767 438 807 ultimus
475 766 596 807 istius
632 766 803 807 latronis
834 766 889 818 (ξ
922 766 964 818 8)
1008 779 1139 807 annus
1175 767 1425 816 aliquantum
1463 767 1542 806 iam
1580 768 1829 808 recessisset.
1891 769 2001 809 Anni
2036 769 2142 810 enim
2172 775 2222 810 97
2264 771 2299 811 si
2334 776 2448 813 esset

156 833 345 883 epistula,
390 837 437 874 ut
466 837 585 883 putat
614 833 915 882 Mommsenius,
958 835 1096 884 procul
1134 833 1254 874 dubio
1291 846 1362 883 pro
1392 834 1615 875 Domitiani
1646 834 1895 885 temporibus
1923 835 2040 888 (XII,
2074 837 2116 886 6)
2146 836 2233 878 sive
2262 824 2444 888 proximo

155 910 261 940 anno
291 899 379 940 sive
415 899 608 951 proximis
653 899 771 940 annis
812 900 987 950 positum
1030 903 1149 939 esset.
1218 899 1334 950 Quod
1375 904 1509 939 autem
1548 900 1704 940 Plinius
1741 900 1909 942 florente
1946 914 1990 942 re
2031 902 2193 954 publica
2222 902 2338 955 (XII,
2360 887 2445 955 vll)
2596 898 2708 959 (qa-42.

154 967 368 1007 Corellium
390 966 539 1006 Rufum
571 966 676 1006 diem
710 966 844 1006 obisse
875 971 1082 1015 memorat,
1116 966 1166 1004 ad
1198 979 1344 1005 annum
1370 972 1419 1004 98
1452 968 1578 1005 multo
1609 967 1746 1016 aptius
1776 980 1895 1017 quam
1916 969 1969 1008 ad
1992 973 2041 1008 97
2064 970 2264 1019 convenit,
2293 970 2443 1024 quippe

154 1046 244 1074 cum
275 1046 381 1074 anno
405 1039 454 1074 97
478 1034 617 1075 Nerva
647 1032 913 1074 seditionibus
944 1033 1264 1082 tumultibusque
1294 1032 1465 1072 militum
1496 1033 1843 1083 praetorianorum
1872 1038 1915 1075 et
1941 1046 2089 1083 eorum,
2122 1035 2235 1085 quia
2256 1037 2443 1087 partibus

151 1100 375 1141 Domitiani
412 1104 629 1150 steterant,
675 1102 848 1141 maximo
884 1112 1005 1151 opere
1043 1103 1226 1147 vexatus,
1268 1099 1449 1149 territus,
1496 1100 1534 1140 in
1574 1100 1685 1141 vitae
1722 1100 1938 1142 discrimen
1969 1101 2169 1143 adductus
2199 1104 2265 1144 sit.
2325 1105 2443 1145 Anno

151 1172 370 1219 praeterea
391 1173 440 1208 97
466 1167 683 1208 Corellium
705 1167 858 1208 vixisse
889 1179 939 1206 ex
971 1167 1147 1217 epistula
1178 1167 1268 1206 libri
1301 1166 1394 1207 noni
1425 1167 1509 1218 (1:23,
1543 1166 1565 1218 ξ
1599 1172 1621 1206 6
1644 1170 1723 1220 sq.)
1755 1172 1882 1218 patet,
1914 1169 1982 1209 ubi
2013 1181 2101 1210 eum
2133 1170 2287 1210 actioni
2317 1171 2441 1212 inter-

149 1235 277 1276 fuisse
307 1235 439 1275 tradit
458 1235 615 1275 Plinius
646 1235 687 1274 in
715 1234 942 1275 Publicium
964 1236 1142 1281 Certum,
1173 1235 1240 1282 qui
1272 1234 1310 1273 in
1343 1240 1487 1273 senatu
1519 1238 1682 1274 senator
1712 1239 1754 1274 et
1784 1235 1905 1276 iudex
1936 1237 2115 1277 senatori
2136 1238 2326 1278 Helvidio
2357 1250 2438 1288 reo,

148 1302 385 1344 Domitiano
414 1302 656 1354 imperante,
687 1313 830 1342 manus
861 1300 1068 1343 intulerat.

353 1370 467 1421 Quae
499 1369 657 1419 quidem
700 1381 823 1409 causa
861 1381 949 1408 cum
980 1369 1133 1417 aliquot
1164 1368 1370 1407 mensibus
1406 1374 1496 1418 post
1527 1369 1700 1408 reditum
1732 1370 1879 1409 Arriae
1910 1374 1952 1410 et
1982 1371 2166 1411 Fanniae
2196 1376 2237 1411 et
2267 1372 2439 1413 Maurici

148 1437 280 1478 altero
311 1438 377 1477 vel
408 1436 531 1477 tertio
562 1436 658 1477 anni
681 1441 744 1476 97.
777 1435 970 1476 nundinio
992 1441 1084 1475 acta
1107 1447 1195 1474 esse
1216 1434 1415 1481 videatur,
1450 1434 1665 1475 Corellium
1696 1447 1731 1476 a.
1756 1440 1820 1484 98,
1854 1448 1931 1476 non
1954 1441 2003 1477 97
2037 1437 2263 1478 decessisse
2291 1438 2438 1479 verisi-

146 1505 356 1545 millimum
394 1508 470 1553 est,
510 1508 555 1545 ut
597 1503 833 1544 duodecima
869 1502 1046 1553 epistula
1084 1502 1261 1543 eiusdem
1300 1502 1394 1541 anni
1432 1501 1559 1542 mensi
1597 1500 1682 1542 fere
1712 1502 1844 1553 Aprili
1881 1503 2096 1545 tribuenda
2131 1504 2196 1545 sit.
2256 1505 2305 1546 In
2343 1504 2438 1547 aliis

145 1571 330 1612 undecim
353 1571 473 1621 primi
495 1571 587 1610 libri
609 1570 796 1620 epistulis
827 1582 957 1619 neque
979 1574 1054 1617 est,
1088 1569 1191 1618 quod
1213 1569 1264 1608 ad
1289 1574 1456 1618 tempus,
1490 1580 1566 1617 quo
1587 1569 1764 1620 scriptae
1786 1570 1879 1618 sint,
1912 1571 2143 1611 accuratius
2165 1571 2437 1613 definiendum

145 1639 236 1679 usui
268 1638 323 1678 sit
352 1649 482 1688 neque
511 1637 616 1687 quod
648 1648 752 1676 anno
785 1642 835 1676 98
868 1640 1078 1686 repugnet.
1141 1635 1277 1675 Prima
1318 1647 1412 1674 vero
1449 1635 1615 1675 secundi
1655 1636 1747 1676 libri
1784 1640 1856 1676 aut
1898 1637 2050 1677 ultimis
2080 1650 2116 1678 a.
2151 1643 2200 1678 98
2233 1639 2436 1679 mensibus

144 1710 217 1747 aut
246 1705 387 1757 primis
417 1704 514 1745 anni
546 1710 598 1744 99
629 1704 681 1744 ad
702 1704 926 1744 Romanum
949 1704 1073 1743 missa
1096 1709 1170 1749 est,
1204 1708 1249 1742 ut
1280 1703 1429 1742 nullum
1462 1703 1547 1742 fere
1579 1703 1686 1743 inter
1716 1706 1921 1744 extremas
1951 1704 2070 1755 primi
2100 1704 2193 1746 libri
2224 1710 2265 1745 et
2285 1706 2436 1756 primas

143 1773 311 1813 secundi
342 1772 604 1812 intervallum
635 1772 827 1820 temporis
858 1771 1109 1810 intercedere
1146 1770 1346 1809 videatur.
1410 1770 1546 1817 Neque
1582 1769 1687 1809 enim
1730 1774 1792 1810 est
1831 1770 2005 1820 dubium,
2045 1772 2139 1824 quin
2176 1785 2225 1813 ea
2261 1772 2436 1823 epistula

143 1838 257 1881 brevi
287 1844 381 1890 post
411 1842 580 1879 mortem
611 1837 796 1888 Verginii
826 1836 920 1878 Rufi
949 1837 1129 1877 Romano
1161 1835 1320 1876 reddita
1350 1834 1404 1875 sit
1435 1835 1507 1886 (II,
1546 1838 1598 1887 l).
1667 1835 1886 1887 Verginius
1931 1840 2079 1888 autem,
2126 1849 2215 1878 cum
2261 1838 2436 1890 triginta

142 1905 262 1946 annis
292 1905 448 1957 gloriae
479 1916 578 1945 suae
609 1916 698 1944 eum
738 1904 1014 1955 supervixisse
1045 1903 1201 1943 Plinius
1238 1903 1454 1942 memoriae
1492 1902 1637 1952 prodat
1674 1907 1717 1941 et
1753 1914 1946 1942 summam
1983 1904 2151 1954 gloriam
2188 1905 2432 1955 principatu,

141 1973 210 2022 qui
240 1973 277 2011 ei
308 1984 333 2011 a
363 1971 562 2011 militibus
592 1971 754 2010 oblatus
784 1975 885 2010 erat.
919 1970 1070 2009 reiecto
1101 1982 1206 2008 anno
1240 1973 1289 2006 68
1322 1974 1561 2007 consecutus
1592 1974 1714 2015 esset,
1752 1982 1829 2008 non
1861 1975 1957 2009 ante
1988 1982 2135 2010 annum
2169 1976 2219 2010 98
2252 1976 2434 2012 mortuus

141 2045 217 2080 est.
280 2040 398 2091 Quod
426 2052 499 2090 pro
529 2042 643 2079 certo
673 2038 752 2078 dici
782 2042 928 2088 potest,
969 2050 1054 2077 cum
1089 2049 1193 2077 anno
1226 2040 1275 2075 97
1310 2047 1388 2075 una
1419 2047 1505 2075 cum
1539 2035 1674 2076 Nerva
1705 2035 1773 2076 ille
1811 2036 2064 2078 consulatum
2095 2034 2312 2088 acceperit,
2355 2050 2432 2089 quo

139 2118 242 2157 eum,
278 2105 583 2159 „perfunctum“
617 2116 707 2147 esse
737 2104 778 2146 in
810 2104 948 2146 eadem
980 2103 1156 2156 epistula
1186 2104 1225 2152 (ξ
1260 2102 1300 2154 2)
1332 2102 1513 2153 legimus.
1575 2102 1635 2143 Eo
1665 2103 1789 2144 verbo
1820 2103 1978 2145 Plinius
2009 2115 2087 2145 non
2118 2115 2213 2145 usus
2243 2110 2364 2155 esset,
2396 2106 2432 2148 si

138 2174 180 2215 iu
210 2174 297 2226 ipso
327 2174 542 2215 consulatu
572 2172 829 2221 decessisset,
875 2184 1005 2221 neque
1036 2172 1138 2222 Epp.
1172 2172 1241 2218 VI,
1279 2175 1340 2217 10,
1375 2174 1410 2217 3,
1444 2169 1483 2208 id
1515 2174 1578 2209 est
1608 2182 1712 2210 anno
1746 2175 1835 2219 107,
1873 2176 1965 2221 post
2004 2173 2250 2223 „decimum“
2289 2174 2431 2213 mortis

138 2255 287 2283 annum
317 2241 512 2291 reliquias
542 2241 630 2281 eius
660 2240 972 2291 neglectumque
1003 2239 1177 2279 cinerem
1211 2238 1297 2278 sine
1330 2237 1461 2286 titulo,
1506 2238 1592 2278 sine
1631 2238 1789 2278 nomine
1826 2238 1960 2279 iacere
1989 2244 2156 2289 questus
2186 2244 2307 2290 esset,
2352 2240 2430 2281 nisi

138 2321 245 2350 anno
275 2308 345 2350 ille
377 2314 428 2349 98
461 2320 482 2349 e
512 2307 600 2349 vita
629 2307 812 2348 abiisset.
872 2307 1017 2356 Itaque
1049 2318 1119 2346 suo
1151 2307 1323 2346 fortasse
1355 2305 1441 2345 iure
1463 2304 1691 2345 Asbachius
1722 2305 1938 2357 (Analecta
1969 2306 2163 2348 historica
2183 2319 2248 2359 pg.
2277 2311 2325 2348 17
2349 2306 2428 2360 sq.)
2597 2316 2637 2351 A
2683 2312 2702 2359 ,’

136 2377 417 2417 demonstrare
447 2387 566 2425 posse
597 2374 761 2425 putavit
791 2373 914 2414 etiam
952 2384 1058 2413 anno
1090 2378 1139 2412 98
1172 2371 1407 2422 Verginium
1446 2371 1485 2411 in
1523 2376 1668 2412 senatu
1711 2372 1901 2421 adfuisse,
1945 2385 2033 2413 cum
2063 2373 2295 2423 Traianum,
2333 2374 2429 2424 quia
2635 2371 2640 2374 ’

132 2442 289 2484 Romae
324 2454 403 2483 non
441 2445 564 2491 esset,
606 2441 859 2482 consulatum
896 2451 1083 2481 recusare
1120 2439 1376 2479 nuntiaretur
1412 2438 1480 2490 (cf.
1520 2438 1624 2479 Plin.
1665 2439 1906 2490 Panegyric.
1944 2452 2003 2490 cp.
2049 2440 2241 2491 56-60).
2310 2440 2427 2492 Quod

131 2510 219 2550 fieri
249 2510 394 2560 potuit,
427 2520 666 2559 quamquam
692 2508 911 2558 Verginius
942 2519 1081 2547 coxam
1113 2510 1278 2546 actiuns
1308 2507 1348 2545 in
1379 2507 1591 2546 consulatu
1622 2506 1720 2546 anni
1752 2511 1801 2546 97
1836 2507 2010 2557 principi
2039 2508 2197 2558 gratias
2227 2508 2421 2559 fregerat.

131 2576 324 2618 Coierant
354 2576 460 2617 enim
490 2587 583 2616 ossa
612 2576 755 2623 fracta,
788 2574 858 2615 sed
889 2586 1028 2625 parum
1060 2577 1156 2624 apte
1187 2574 1383 2613 collocata
1410 2574 1639 2613 reluctante
1664 2576 1803 2614 aetate
1828 2574 1932 2614 male
1953 2574 2138 2616 coierunt
2158 2578 2200 2615 et
2221 2575 2423 2616 duriorem
2671 2563 2694 2624 ’,

129 2643 434 2695 longioremque
465 2642 619 2683 aditum
659 2642 801 2682 mortis
843 2653 948 2681 anno
979 2641 1144 2681 tandem
1177 2646 1227 2678 98
1261 2640 1469 2680 dederunt.
1539 2640 1646 2680 Hinc
1682 2652 1839 2690 quoque
1869 2640 2075 2691 colligitur
2104 2641 2303 2690 Tacitum,
2335 2653 2425 2682 cum
2698 2639 2708 2663 '2

130 2712 183 2752 ab
213 2723 260 2752 eo
291 2711 456 2752 consule
486 2707 706 2761 Verginius
737 2709 778 2750 in
810 2709 896 2749 foro
926 2708 1086 2759 publice
1116 2707 1307 2748 laudatus
1337 2707 1403 2755 sit,
1435 2707 1476 2759 (ς’
1508 2706 1550 2757 6)
1587 2719 1692 2748 anno
1725 2713 1788 2757 98,
1822 2720 1901 2748 non
1933 2712 1997 2757 97,
2030 2712 2074 2749 ut
2104 2712 2224 2759 putat
2253 2709 2420 2749 Momm-

128 2778 267 2820 senius
287 2779 481 2831 (Hermes
494 2777 571 2826 III,
590 2789 656 2828 pg
678 2780 729 2817 38
752 2781 794 2816 et
815 2788 882 2826 pg.
904 2775 1013 2826 136),
1035 2775 1239 2815 consulem
1261 2773 1470 2814 suffectum
1493 2774 1628 2814 fuisse.
1662 2774 1739 2826 (Cf.
1763 2779 1806 2815 et
1827 2774 2024 2815 Urlichsii
2045 2775 2423 2816 commentationem

127 2846 182 2886 de
211 2845 299 2885 vita
330 2849 372 2885 et
401 2844 621 2902 honoribus
651 2843 786 2884 Taciti
817 2855 882 2893 pg.
921 2846 1002 2891 13.)

329 2911 408 2953 Sed
438 2923 629 2962 quorsum
658 2909 803 2963 plura?
861 2909 1026 2951 Etenim
1057 2909 1234 2961 epistula
1263 2907 1381 2960 primi
1413 2907 1504 2948 libri
1534 2907 1726 2949 vicesima
1756 2920 1845 2949 cum
1874 2908 1983 2950 intel
2011 2909 2109 2950 anni
2133 2913 2183 2950 98
2215 2909 2413 2961 epistulas

124 2980 275 3020 multas
305 2979 439 3019 media
468 2979 601 3029 posita
631 2978 697 3027 sit,
729 2978 868 3028 procul
899 2977 1021 3017 dubio
1051 2977 1182 3017 medio
1212 2988 1319 3016 anno
1351 2981 1401 3014 98
1433 2976 1486 3014 ad
1507 2975 1692 3014 Tacitum
1722 2975 1846 3016 missa
1875 2980 1951 3016 est.
2010 2976 2137 3017 Dedit
2166 2977 2294 3027 igitur
2323 2988 2413 3016 eam
