2708 3339
304 368 317 405 “-
375 357 484 420 Μ
487 371 612 410 eum
623 378 677 408 ex
696 361 796 422 ipsa
822 367 1009 419 epistula,
1047 379 1125 419 quo
1159 379 1267 410 anno
1295 368 1452 419 scripta
1481 368 1547 418 sit,
1583 380 1664 409 non
1691 362 1990 419 intellegatur,
1999 329 2125 409 ileri
2119 352 2212 409 ason
2234 369 2405 422 Βοιωτέ
2410 349 2491 408 „ts
2528 351 2546 396 ’ζ
2562 335 2700 424 ’ἑῇ-’,νέξ

151 419 197 495 ¹⁷³
175 434 239 488 ,ιιι
244 434 431 490 certum
427 432 596 492 annum
624 444 716 478 eam
750 432 987 485 referamus,
1024 434 1105 476 nisi
1131 435 1437 477 Mommsenium
1466 434 1595 476 secuti
1625 434 1694 487 (cf
1716 435 1901 485 Hermes,
1941 432 2042 477 'volz
2049 422 2134 484 m,
2144 441 2235 487 23.-
2259 428 2479 497 31-÷139„
2605 430 2708 504 {3ss

188 498 263 547 zur
267 496 698 553 Lobensgescmchte
707 501 781 543 des
804 501 1007 557 jungeren
1025 499 1205 552 Plinius)
1224 491 1402 543 Plinium
1431 505 1622 542 accurate
1642 504 1805 543 servato
1825 500 1970 543 ordine
1986 495 2181 553 temporis
2193 487 2469 552 emm
2590 510 2605 520 ⁴·
2621 501 2662 521 '⁴³
2684 505 2708 517 '¹

103 586 107 588 ·
142 602 146 604 -
180 564 331 633 novem
348 559 498 620 ‘Libros
512 570 557 610 et
575 567 792 632 collegisse
819 571 863 609 et
881 567 1059 609 edidisse
1087 567 1347 609 arbitramur.
1406 568 1473 609 Ita
1498 567 1616 618 enim,
1648 580 1738 609 cum
1766 570 1809 609 et
1836 565 1976 610 earum
2003 560 2288 619 epistulam
2291 561 2483 619 ΑΜ·
2630 548 2708 626 »ἐ

109 648 113 652 “
181 630 287 691 quae
321 634 558 685 vicesimam
587 633 708 687 primi
737 635 832 677 libri
860 635 1108 676 antecedunt
1136 639 1179 676 et
1208 647 1260 676 ex
1288 635 1360 686 eis,
1393 647 1496 685 quae
1525 647 1614 676 eam
1644 638 1876 686 sequuntur,
1925 646 2008 677 una
2035 635 2236 678 alterave
2243 630 2382 687 'eeifie
2402 633 2470 689 vel
2635 622 2708 702 33³}

6 712 28 757 εἰῇ
182 702 388 747 mensibus
403 703 484 745 vel
518 703 638 743 annis
662 702 845 743 attribui
879 703 1018 753 possit,
1056 703 1192 753 etiam,
1242 703 1405 752 quinam
1442 715 1571 743 annus
1607 703 1840 759 vicesimam
1872 702 2029 751 tulerit,
2068 701 2197 744 conici
2217 691 2370 758 litant.
2402 686 2474 770 §il
2661 703 2708 761 ἓξ

3 760 6 762 ’
44 770 47 771 ’
82 762 85 764 ’
118 823 120 826 Υ
183 782 288 823 quae
305 766 475 820 quidem
487 754 702 811 efficienda
722 768 903 820 longiore
924 769 1274 820 argumentatione
1294 782 1394 820 opus
1414 768 1505 810 erit.
1556 768 1636 811 Sed
1657 780 1898 819 quamquam
1923 780 1975 810 ex
1994 768 2129 819 longa
2136 756 2474 821 argumentamini
2536 770 2539 771 ’
2653 761 2708 835 ’Ξ

187 836 293 879 serie
320 830 473 879 multa
468 847 543 878 me
561 835 825 876 Mommsenio
855 836 1004 877 debere
1033 835 1235 887 profiteor,
1268 840 1403 879 tamen
1432 847 1592 876 errasse
1619 837 1751 876 virum
1780 827 2169 886 praeclarissimum
2178 832 2342 886 opinor,
2361 833 2483 895 qued,

184 915 291 946 anno
323 907 372 943 97
404 902 576 954 primum
597 902 864 953 epistularum
893 902 1018 945 Plinii
1047 903 1193 944 librum
1223 903 1471 954 publicatum
1502 914 1593 943 esse
1623 902 1768 942 scribit
1797 901 1840 954 (1.
1864 901 1889 943 l
1914 912 1981 953 pg.
2002 905 2053 941 36
2084 901 2174 951 sq..)
2232 901 2300 942 Ad
2317 911 2470 956 annm

182 970 322 1023 igitur,
354 980 432 1019 quo
451 968 611 1010 Plinius
639 969 757 1013 hunc
770 969 915 1011 librum
936 969 1121 1018 ediderit,
1152 969 1383 1011 accuratius
1404 968 1674 1010 definiendum
1705 956 1875 1010 arduum
1902 967 2217 1020 argumentandi
2242 979 2388 1009 munus
2406 954 2471 1010 ita

182 1036 370 1088 suscipio,
402 1040 447 1079 ut
477 1039 519 1077 et
546 1017 801 1077 Mommsenii
831 1040 874 1077 et
902 1045 991 1077 mea
1022 1036 1367 1078 demonstratione
1396 1036 1517 1078 nita1

388 1104 524 1153 Atque
560 1114 650 1144 cum
687 1102 828 1154 quinta
865 1103 986 1154 primi
1021 1103 1116 1145 libii
1151 1103 1328 1155 epistula
1362 1103 1571 1154 aliquanto
1610 1107 1702 1155 post
1738 1105 1908 1145 mortem
1936 1073 2161 1145 Domitiani
2180 1101 2269 1154 (cf.
2299 1101 2345 1156 ξ
2355 1102 2399 1156 1)
2426 1105 2472 1144 et

183 1174 279 1222 post
299 1170 508 1212 Kalendas
527 1170 750 1211 Januarias
779 1170 876 1211 anni
908 1175 957 1211 97
990 1170 1058 1223 (cf.
1090 1170 1113 1222 ξ
1147 1170 1216 1222 11)
1245 1171 1397 1222 scripta
1426 1172 1492 1221 sit,
1524 1184 1596 1222 pio
1627 1174 1738 1212 certo
1767 1170 1964 1212 affirmari
1992 1173 2131 1222 potest
2158 1170 2356 1221 epistulas
2385 1174 2471 1211 tres

184 1237 344 1289 priores
385 1248 540 1288 qnoque
582 1239 675 1287 post
709 1237 932 1278 Domitiani
972 1241 1151 1292 mortem,
1195 1244 1262 1287 qui
1303 1237 1459 1278 occisus
1497 1241 1560 1279 est
1599 1238 1663 1278 die
1708 1242 1757 1278 18
1796 1237 1947 1279 mensis
1981 1236 2234 1288 Septembris
2269 1237 2367 1278 anni
2402 1240 2470 1286 96,
2529 1284 2531 1286 ,

183 1304 361 1354 scriptas
391 1315 492 1342 esse.
552 1303 744 1354 Quintam
765 1315 861 1343 vero
881 1304 978 1343 anni
1000 1309 1049 1343 97
1074 1316 1163 1344 esse
1193 1304 1510 1344 luculentissime
1531 1308 1702 1354 apparet
1720 1304 1894 1354 primum
1923 1315 1975 1344 ex
1994 1303 2132 1344 verbis
2163 1306 2282 1354 „post
2300 1305 2472 1344 mortem

183 1368 433 1411 Domitiani⁴⁴
466 1369 692 1411 coniunctis
722 1382 812 1410 cum
844 1370 1239 1420 plusquamperfecto
1273 1370 1590 1421 „commiserat“,
1634 1369 1779 1411 deinde
1809 1382 1861 1412 ex
1900 1369 1970 1411 illo
2005 1369 2105 1420 loce,
2147 1381 2225 1420 quo
2254 1368 2469 1422 Regulum,

184 1437 410 1478 delatorem
440 1436 553 1477 illum
583 1428 906 1486 famosissimum,
938 1437 980 1477 in
1009 1437 1212 1487 praetoris
1241 1449 1285 1478 se
1313 1436 1457 1486 officio,
1490 1436 1531 1477 id
1560 1431 1623 1478 est
1653 1437 1745 1478 Kal.
1766 1436 1977 1477 ,Ianuariis
2006 1448 2043 1477 a.
2073 1440 2123 1476 97
2154 1435 2224 1489 (cf.
2245 1436 2471 1486 Mommsen

184 1505 210 1544 l.
240 1504 266 1543 l.
304 1515 370 1554 pg.
405 1501 476 1555 37)
513 1502 751 1544 convenisse
786 1503 944 1544 Plinius
980 1503 1134 1553 scribit,
1172 1507 1256 1544 tum
1278 1503 1396 1554 quod
1433 1502 1657 1544 Mauricum
1694 1515 1786 1543 mox
1824 1515 1875 1543 ex
1909 1502 2051 1544 exsilio
2086 1513 2342 1544 reversurum
2378 1513 2498 1562 esse*

184 1570 265 1611 iam
301 1573 439 1621 sperat
473 1568 514 1623 (ξ
555 1573 618 1619 10,
656 1568 679 1622 ξ
712 1575 775 1619 15,
813 1569 836 1622 ξ
877 1574 955 1619 16).
1016 1570 1082 1611 Sic
1117 1570 1176 1619 fit,
1218 1574 1263 1611 ut
1298 1570 1473 1621 epistula
1513 1570 1687 1621 septima
1721 1582 1800 1611 non
1836 1570 1961 1611 multo
1999 1573 2096 1610 ante
2130 1569 2230 1610 Idus
2267 1569 2473 1611 Octobres

185 1637 356 1678 Octavio
376 1636 482 1678 Rufo
499 1637 662 1678 reddita
682 1637 882 1686 videatur,
916 1639 1011 1678 cum'
1027 1637 1134 1678 circa
1155 1637 1252 1678 Idus
1278 1638 1364 1678 eius
1384 1638 1534 1678 mensis
1555 1638 1597 1678 in
1625 1639 1765 1678 urbem
1796 1649 1891 1678 rure
1918 1636 1989 1689 (cf.
2010 1649 2099 1688 epp.
2121 1636 2200 1688 VI)
2219 1649 2265 1678 se
2284 1635 2472 1678 conferre

185 1697 361 1745 animum
397 1703 616 1745 induxerit.
676 1703 724 1744 Iu
755 1703 1013 1754 sequentibus
1044 1707 1179 1745 autem
1210 1704 1397 1755 epistulis
1426 1704 1569 1745 mirum
1601 1708 1674 1754 est,
1715 1705 1902 1755 quotiens
1937 1697 1990 1745 de
2018 1703 2194 1746 medicis
2215 1702 2350 1757 (vm,
2385 1703 2470 1756 12),

189 1772 240 1812 de
263 1782 441 1822 corpore,
473 1771 586 1812 cuius
606 1770 770 1812 fulturis
790 1771 947 1812 animus
977 1771 1228 1812 sustineatur
1258 1772 1350 1823 (IX,
1384 1772 1427 1823 4)
1458 1773 1506 1813 de
1526 1772 1762 1813 valetudine
1793 1772 2013 1813 amicornm
2043 1773 2153 1823 (epp.
2174 1770 2250 1821 XI,
2280 1770 2380 1823 XII,
2412 1770 2469 1824 2),

185 1839 237 1878 de
279 1838 427 1878 morbis
470 1838 629 1888 patriis,
672 1837 740 1887 qui
781 1839 1015 1888 plerumque
1059 1850 1132 1888 per
1173 1839 1444 1879 successiones
1485 1839 1678 1888 quasdam
1721 1851 1746 1878 a
1784 1839 2023 1890 parentibus
2064 1838 2285 1880 tradantur
2318 1839 2469 1888 liberis,

185 1905 303 1953 (XII,
336 1903 380 1954 4)
411 1904 638 1949 admoneat.
698 1905 761 1944 Ea
782 1904 941 1954 quidem
963 1905 1096 1945 omnia
1117 1905 1266 1955 optime
1288 1906 1438 1958 cadunt
1468 1906 1510 1946 in
1539 1918 1686 1946 annum
1718 1910 1766 1946 97
1790 1909 2004 1947 exeuntem
2034 1908 2078 1949 et
2105 1917 2143 1947 a.
2168 1909 2221 1946 98
2251 1904 2470 1955 ineuntem,

173 1967 278 2011 ‘cum
313 1971 467 2011 morbo.
485 1970 725 2022 gravissimo
761 1971 994 2022 implicatus
1035 1971 1210 2012 animum
1247 1972 1298 2012 ad
1335 1971 1529 2012 eiusmodi
1571 1971 1857 2022 cogitationem
1898 1971 2129 2017 advertisse
2163 1972 2369 2023 putandus
2401 1972 2470 2013 sit.

189 2036 346 2078 Scimus
374 2037 480 2078 enim
508 2050 559 2077 ex
586 2037 729 2087 quinta
757 2042 801 2077 et
830 2042 976 2081 octava
1006 2038 1269 2089 epistularum
1300 2038 1352 2078 ad
1373 2039 1592 2080 Traianum
1622 2038 1808 2078 datarum
1836 2038 1957 2089 paulo
1986 2042 2086 2079 ante
2102 2034 2266 2079 Nervae
2289 2042 2470 2088 mortem,

191 2115 315 2153 quam
346 2107 408 2145 26.
430 2103 495 2144 die
524 2103 674 2144 mensis
702 2104 891 2145 Januarii
921 2116 957 2144 a.
982 2109 1032 2144 98
1054 2103 1124 2145 ille
1153 2104 1350 2153 occubuit,
1382 2104 1424 2145 in
1452 2103 1833 2156 periculosissimum
1860 2105 2042 2146 morbum
2059 2104 2239 2146 Plinium
2268 2104 2471 2147 incidisse.

143 2173 147 2187 ¹
187 2169 376 2211 Exeunte
412 2170 540 2222 igitur
576 2181 679 2211 anno
717 2175 765 2210 97
814 2170 924 2211 nulla
960 2174 1125 2221 praeter
1160 2175 1346 2212 octavam
1387 2174 1428 2212 et
1462 2182 1609 2212 nonam
1644 2171 1740 2212 libri
1777 2171 1899 2222 primi
1931 2171 2110 2223 epistula
2142 2172 2205 2212 ad.
2231 2171 2394 2222 amicos,
2428 2172 2474 2213 ni

191 2236 322 2286 fallor,
361 2238 486 2278 missa
515 2238 605 2286 erit,
644 2250 732 2278 cum
761 2237 920 2278 Plinius
951 2238 1165 2278 durissima
1195 2238 1429 2278 valetudine
1474 2250 1600 2288 usque
1630 2239 1682 2278 ad
1712 2234 1936 2289 pericnlum
1966 2238 2081 2279 vitae
2108 2241 2281 2280 'vexatus
2310 2238 2390 2289 diu,
2427 2242 2474 2280 nt

188 2303 362 2353 videtur,
395 2304 580 2355 epistulis
610 2304 834 2345 scribendis
863 2316 942 2345 ιιοιι
972 2305 1192 2345 vacaverit.
1252 2303 1328 2356 (Cf.
1361 2316 1453 2355 epp.
1484 2304 1536 2346 ad
1566 2304 1676 2346 Trai.
1707 2305 1756 2353 V,
1787 2305 1809 2346 I
1836 2308 1882 2346 et
1909 2304 2026 2355 vm,
2058 2306 2081 2355 ξ
2111 2302 2170 2356 3.)
2646 2286 2708 2370 Ξζξ

392 2369 527 2422 Quare
569 2382 704 2412 omnes
740 2370 819 2411 iam
855 2371 948 2411 inde
977 2371 1029 2411 ab
1062 2370 1222 2412 decima
1258 2370 1455 2422 epistulae
1493 2371 1589 2412 anni
1625 2375 1675 2411 98
1720 2374 1851 2412 erunt.
1911 2373 2046 2422 Atque
2083 2369 2276 2413 decimam
2313 2372 2471 2422 quidem
2625 2364 2708 2441 ἐξ

164 2436 359 2486 primam
389 2437 477 2478 eius
508 2437 605 2478 anni
641 2449 731 2478 esse
765 2441 1063 2488 peiopportune
1104 2450 1155 2477 ex
1195 2438 1398 2487 querelis
1411 2438 1493 2478 illis
1528 2438 1577 2477 de
1613 2438 1744 2478 officio
1785 2444 1833 2478 ut
1869 2438 2046 2480 maximo
2086 2439 2147 2479 sic
2187 2439 2470 2480 molestissimo
2652 2429 2708 2506 {3

189 2502 375 2544 efficitur.
409 2504 599 2546 Etenim
630 2504 773 2545 sinon
804 2517 907 2545 novo
937 2504 1108 2555 quodam
1138 2503 1270 2546 officio
1296 2504 1456 2545 Plinius
1486 2504 1822 2556 destringeretur,
1854 2505 1927 2546 sed
1955 2507 2003 2546 ut
2021 2504 2310 2547 Mommsenius
2337 2507 2468 2556 putat,
2527 2503 2543 2510 ⁴
2629 2497 2708 2576 [ῨΞ

188 2569 338 2610 aerarii
367 2558 557 2612 militaris
586 2569 845 2623 praefectura
873 2571 1018 2623 funge1
1020 2574 1123 2621 etur
1155 2583 1233 2622 qua
1263 2572 1314 2612 ab
1343 2582 1449 2612 anno
1479 2575 1531 2612 95
1562 2583 1691 2622 usqne
1719 2572 1771 2614 ad
1794 2583 1830 2613 a.
1855 2576 1905 2612 97
1938 2558 2178 2624 (Mommsen
2206 2572 2232 2613 l.
2264 2571 2289 2612 l.
2310 2581 2378 2624 pg.
2400 2570 2483 2623 89)·
2528 2612 2531 2613 ⁷
2581 2593 2587 2598 ·
2680 2572 2708 2629 ⁵3*

189 2634 355 2678 functus
392 2641 468 2688 est,
511 2650 583 2679 cur
612 2639 819 2689 Clementi,
855 2639 943 2680 viro
979 2639 1222 2680 amicissimo
1263 2649 1311 2678 ea
1348 2637 1547 2679 scriberet
1581 2638 1650 2691 (cf.
1682 2650 1771 2690 epp.
1804 2639 1878 2689 IV,
1910 2641 1965 2689 2),
1995 2650 2100 2690 quae
2129 2638 2166 2679 is
2194 2638 2274 2679 iam
2304 2637 2472 2682 tertium
2586 2673 2590 2675 .
2637 2624 2708 2688 ,Ξ

189 2713 339 2749 annum
366 2705 511 2746 norat?
569 2706 699 2746 Multo
729 2706 856 2757 igitur
883 2705 1143 2747 verisimilius
1173 2711 1237 2747 est
1265 2705 1314 2745 de
1344 2706 1438 2746 novi
1467 2704 1591 2746 officii
1618 2706 1727 2748 curis
1747 2706 1924 2747 Plinium
1959 2706 2149 2754 scribere,
2181 2717 2269 2746 cnm
2302 2704 2486 2753 ineunte·
2529 2714 2533 2716 ’
2599 2698 2618 2762 J
2640 2695 2708 2754 ‚.isss‘ss'

184 2780 296 2811 anno
335 2774 386 2816 98
425 2772 469 2822 (9
511 2771 589 2812 diev
614 2772 764 2813 mensis
797 2772 827 2813 J
828 2771 1006 2823 aunarii)
1049 2771 1345 2823 praefecturam
1389 2771 1540 2812 aerarii
1583 2771 1764 2821 Saturni,
1809 2772 1917 2823 quod
1959 2771 2134 2813 officium
2177 2771 2215 2811 ei
2263 2782 2289 2812 a
2330 2764 2482 2825 Nerva.
2513 2780 2518 2782 “
2593 2760 2639 2772 ’

189 2833 446 2888 Traianoque
481 2836 710 2890 delegatum
750 2842 825 2889 est,
866 2838 1017 2880 inierit.
1074 2838 1143 2891 (cf.
1184 2851 1272 2891 epp.
1310 2839 1363 2880 ad
1402 2838 1567 2881 Traian.
1599 2839 1667 2881 ΙΠ
1689 2843 1745 2880 ει,
1778 2838 1897 2880 VIII.
1954 2839 2174 2881 Mommsen
2203 2838 2228 2879 l.
2258 2837 2287 2882 l.
2302 2848 2384 2890 pg.
2410 2839 2482 2888 89.

191 2903 235 2940 et
270 2912 337 2953 pg.
381 2907 432 2946 37
464 2903 543 2958 sq.)
605 2905 668 2947 De
705 2905 793 2947 eius
828 2905 1095 2957 magistratus
1132 2906 1329 2947 molestiis
1363 2909 1426 2946 tot
1462 2906 1600 2946 verbis
1627 2906 1786 2946 Attium
1815 2906 2064 2946 Clementem
2094 2903 2322 2967 cert-iorem
2335 2895 2475 2967 faeere

192 2966 369 3010 videtur.
429 2971 496 3020 (cf.
526 2971 580 3022 X,
624 2977 647 3012 9
682 2976 726 3013 et
761 2984 851 3023 epp.
880 2967 941 3013 'ad
971 2973 1135 3013 Traian.
1167 2973 1248 3023 ΙΠ,
1290 2971 1320 3024 ξ
1346 2972 1487 3024 1—2.)
1554 2972 1699 3014 Studia
1739 2976 1875 3013 autem
1912 2971 2110 3019 liberalia,
2151 2969 2299 3020 quibus
2331 2971 2498 3019 urben
2541 3020 2544 3022 ,
2569 2982 2708 3044 ”4:⁷⁹-
