2708 3339
1444 0 1472 21 ιζ,
1492 0 1578 25 μ’·ζξζΛ

1317 68 1497 169 xtra-41⁵³
1556 69 1574 89 ⁵
1726 115 1736 124 ’
1779 106 1789 113 ’

247 246 367 289 fluioe
408 258 528 297 quam
569 247 725 289 audire
796 248 972 288 Tantam
1013 259 1103 288 esse
1143 248 1460 298 neglegentiam,
1507 251 1667 289 tantam
1709 239 2018 299 irreverentiam
2061 246 2321 293 studiorum
2495 293 2499 296 ,

249 313 520 365 sapientiores
538 324 631 355 esse
645 313 866 355 maioribus
883 313 1148 366 legibusque
1136 314 1238 366 ipsis
1255 315 1459 365 iustiores,
1481 327 1584 366 quae
1600 319 1663 358 tot
1677 316 1810 365 horas,
1830 321 1892 358 tot
1907 316 2008 365 dies,
2029 321 2099 358 tot
2105 317 2336 373 competes·
2588 368 2590 371 .
2612 366 2614 369 .

250 381 512 432 largiantur?
570 381 768 422 Similiter
795 382 967 422 Tacitus
997 384 1074 433 (cp.
1107 386 1176 428 38)
1207 382 1407 423 neminem
1437 382 1530 423 olim
1561 382 1670 424 intra
1701 383 1968 438 pausissimas
1997 381 2120 426 horas
2147 394 2347 436 pemrare
2364 388 2556 431 coactu

250 448 341 491 esse
372 447 516 489 scribit
546 451 590 489 et
617 448 771 490 liberas
800 449 1251 499 comperendinationes
1288 449 1414 490 fuisse
1450 455 1495 490 et
1523 451 1683 491 modum
1719 451 1880 491 dicendi
1918 451 1995 492 sibi
2025 462 2223 502 quemque
2259 436 2479 505 sumpffise
2497 441 2552 497 et

247 527 458 559 numerum
489 527 619 567 neque
649 514 805 557 dierum
837 526 965 566 neque
996 519 1258 568 patronorum
1289 516 1446 558 finitum
1478 517 1615 559 fuisse.
1692 519 1871 559 Primum
1915 520 2014 559 haec
2059 519 2184 559 tertio
2219 520 2443 567 consulatu
2476 515 2597 566 On.
2614 509 2616 511 ’

246 583 484 636 Pompeium
524 583 794 625 adstrinxisse
824 587 866 625 et
885 584 1015 625 veluti
1046 583 1182 626 frenos
1212 584 1467 636 eloquentiae
1499 585 1751 637 imposuisse,
1784 586 1843 628 ita
1873 590 2021 635 tamen,
2054 590 2099 627 ut
2129 586 2264 628 omnia
2293 587 2338 632 in
2355 587 2443 629 foro
2470 587 2546 640 (86,
2574 578 2611 597 ‘⁴
2654 578 2708 608 Ψ

252 664 333 692 11011
361 652 411 708 ‘in
448 652 666 693 auditoriis
696 652 760 691 vel
800 652 1056 699 tabellariis).
1100 652 1233 692 omnia
1269 652 1437 703 legibus,
1482 653 1614 694 omnia
1652 653 1758 704 apud
1788 658 1996 704 praetores
2034 656 2277 705 gererentur
2310 654 2383 706 (ad
2416 647 2548 697 ea'cf.
2608 651 2680 659 ”

247 713 468 760 ASconium
489 718 528 759 in
552 718 691 759 Milon.
716 731 772 758 or.
795 731 863 769 pg.
888 723 953 761 37:
992 720 1086 758 Tac.
1112 719 1207 758 dial.
1231 732 1290 769 cp.
1319 725 1379 767 11),
1402 732 1462 769 cp.
1489 725 1559 770 23,
1592 720 1695 760 Ρ1111.
1721 732 1809 772 epp.
1833 720 1863 769 Ι,
1890 724 1953 769 20,
1980 724 2051 771 11,
2083 720 2115 770 Ι,
2139 724 2205 770 23,
2232 729 2274 773 23
2306 720 2450 772 Π,-11,
2476 725 2546 774 14;
2575 738 2582 743 ’
2649 709 2653 711 ”
2686 711 2690 713 ’

227 785 318 836 .IV‚
344 790 409 835 16,
434 789 487 835 2).
548 785 606 828 Ut
619 786 734 837 apud
755 785 929 827 Plinium
962 786 1095 837 (VIII,
1125 790 1187 830 14,
1214 786 1255 836 2)
1288 787 1463 836 priorum
1488 793 1710 837 temporum
1733 788 1974 827 servitutem
1995 800 2082 827 cum
2105 788 2277 830 aliarum
2299 789 2543 839 optimarum
2700 772 2707 779 ’

246 853 396 894 artium
442 857 525 894 tuin
569 852 668 893 iuris
707 852 902 893 senatorii
929 852 1181 894 'oblivionem
1219 854 1420 904 quandam
1462 859 1505 894 et
1545 854 1815 904 ignorantiam
1853 854 2075 902 induxisse,
2119 856 2177 895 ita
2215 856 2324 906 apud
2359 856 2546 897 Tacitum

248 923 326 971 (cp.
361 924 426 968 31,
461 925 512 960 35
545 931 604 969 sq.
639 923 690 959 32
726 919 795 969 16)
824 920 1053 960 oratoribus
1085 933 1159 960 nec
1191 921 1289 960 iuris
1322 921 1454 961 civilis
1487 934 1560 962 nec
1593 922 1725 972 legum
1757 933 1828 962 nec
1858 924 2025 962 senatus
2056 922 2328 968 consultorum
2360 922 2546 964 notitiam

246 1000 338 1028 esse
376 987 559 1047 legimus.
616 988 662 1028 In
702 987 863 1038 dialogo
899 988 979 1038 (cp.
1015 992 1078 1036 36,
1120 992 1170 1026 26
1203 991 1280 1038 sq.)
1312 989 1533 1028 laudantur
1569 988 1737 1038 antiqui,
1778 988 1883 1038 quod
1925 1000 2040 1028 nemo
2079 990 2165 1030 sine
2204 989 2439 1039 eloquentia
2475 993 2548 1032 aut

247 1055 411 1104 assequi
451 1054 629 1105 potuerit
672 1055 713 1095 in
751 1054 922 1095 civitate
962 1059 1032 1094 aut
1070 1055 1177 1094 tueri
1215 1056 1469 1106 conspicuum
1501 1062 1542 1094 et
1573 1055 1815 1095 eminentem
1851 1055 1993 1103 locum,
2038 1055 2221 1106 quodque
2252 1068 2392 1107 parum
2423 1056 2548 1099 fuerit

247 1122 288 1164 in
320 1126 466 1164 senatu
496 1121 679 1163 breviter
708 1134 874 1163 censere
906 1126 947 1163 et
980 1122 1020 1163 in
1052 1122 1202 1163 crimen
1236 1123 1370 1163 vocati
1401 1136 1473 1163 sua
1506 1136 1604 1164 voce
1637 1123 1956 1174 respondendum
1990 1123 2203 1164 habuerint
2241 1128 2283 1164 et
2313 1124 2353 1164 in
2385 1124 2545 1165 iudiciis

254 1202 328 1242 per
357 1190 550 1231 tabellam
582 1189 815 1231 testimonia
846 1190 934 1230 dari
965 1202 1041 1230 non
1064 1190 1236 1230 licuerit.
1299 1190 1457 1230 Plinius
1481 1191 1741 1241 reprehendit
1772 1190 1868 1240 (ΙΙΙ,
1903 1190 1972 1241 20)
2002 1191 2131 1240 Iegem
2155 1191 2424 1236 tabellariam,
2456 1204 2545 1232 cum

247 1270 326 1298 non
348 1258 426 1298 iam
449 1257 658 1298 candidati
680 1270 753 1308 pro
782 1269 826 1298 se
848 1258 987 1298 dicant
1009 1256 1216 1306 vitamque
1238 1258 1443 1307 explicare
1467 1263 1668 1308 cogantur
1697 1264 1735 1297 et
1767 1258 1986 1308 periculum
2008 1258 2073 1305 sit,
2106 1270 2154 1298 ne
2178 1258 2314 1298 tacitis
2344 1259 2567 1310 suffragiis-

246 1324 500 1375 impudentia
535 1324 576 1364 in
616 1327 803 1365 senatum
843 1324 1008 1375 irrepat.
1071 1324 1184 1375 Quod
1222 1325 1380 1374 quidem
1420 1325 1612 1375 proximis
1650 1324 1822 1365 comitiis
1864 1325 2015 1365 factum
2048 1337 2137 1365 esse
2168 1326 2256 1375 (IV,
2291 1323 2361 1377 25)
2384 1325 2542 1367 scribit.

245 1391 295 1432 In
317 1396 435 1432 sexto
458 1395 593 1432 autem
615 1392 718 1431 libro
739 1391 847 1442 (epp.
872 1390 915 1441 5)
946 1392 1079 1431 facere
1111 1403 1187 1431 non
1208 1391 1358 1441 potest.
1392 1392 1487 1441 quin
1524 1392 1662 1431 doceat
1696 1404 1745 1431 ex
1777 1391 1914 1443 libello
1937 1392 2096 1431 Celsum
2119 1391 2265 1441 Nepoti
2287 1392 2544 1441 respondisse

248 1462 291 1499 et
335 1458 453 1499 Celso
490 1458 686 1508 Nepotem
732 1469 783 1497 ex
829 1457 1109 1507 pugillaribus,
1185 1460 1320 1507 Atque
1359 1458 1636 1498 histrionalem
1677 1458 1856 1497 favorem
1893 1462 1934 1497 et
1963 1457 2234 1508 gladiatorum
2273 1469 2544 1509 equorumque

246 1525 386 1566 studia
425 1524 506 1566 illis
542 1525 791 1576 temporibus
830 1524 1015 1575 plurimis
1045 1525 1164 1565 valde
1202 1525 1414 1574 placuisse.
1459 1526 1606 1565 multos
1643 1537 1739 1564 vero
1776 1524 1989 1564 offendisse
2028 1534 2069 1564 et
2099 1524 2267 1564 Tacitus
2310 1529 2351 1565 et
2387 1525 2544 1566 Plinius

244 1597 388 1634 narrat
418 1592 488 1644 (cf.
521 1593 620 1633 Tac.
654 1604 713 1643 cp.
748 1596 811 1640 211,
852 1591 901 1632 cf.
935 1604 1025 1642 epp.
1058 1592 1090 1632 Ι.
1128 1596 1188 1632 17).
1224 1599 1266 1631 2:
1308 1592 1383 1632 ΙΙΙ,
1422 1598 1455 1640 1,
1490 1599 1530 1636 9:
1576 1593 1623 1640 V,
1667 1597 1728 1632 111.
1763 1596 1805 1642 33
1846 1592 1940 1639 VII,
1981 1595 2050 1641 233
2094 1591 2168 1639 IX,
2203 1596 2244 1641 63
2289 1592 2364 1641 IX,
2401 1597 2462 1635 17.
2499 1596 2542 1643 3;

243 1659 319 1709 IX,
354 1664 419 1708 36,
454 1666 496 1709 0,
527 1660 602 1709 IX,
635 1664 702 1708 40,
727 1659 784 1710 2.)
844 1659 990 1709 Itaque
1012 1659 1170 1700 Plinius
1192 1660 1415 1700 Mauricum
1446 1665 1609 1699 secutus
1631 1665 1746 1709 optat
1767 1658 1944 1709 (Iszi).
1977 1663 2021 1698 ut
2043 1671 2195 1709 agones
2214 1659 2366 1699 Romae
2387 1670 2544 1709 quoque

244 1732 292 1768 ut
320 1728 431 1778 apud
460 1727 714 1768 Viennenses
746 1727 953 1773 tollantur,
993 1739 1079 1766 cum
1118 1726 1218 1766 vitia
1258 1726 1369 1765 urbis
1401 1727 1482 1766 late
1515 1730 1717 1774 vagentur
1746 1732 1787 1766 et
1818 1725 2084 1776 g1·aw·ssi1nus
2122 1725 2176 1765 sit
2207 1727 2381 1775 morbus,
2420 1725 2488 1776 qui
2519 1739 2544 1767 a

244 1794 379 1845 capite
422 1793 684 1837 diffundatur.
745 1796 884 1843 Aeque
914 1794 1082 1833 Tacitus
1114 1796 1192 1843 (cp.
1228 1799 1291 1834 2⁸.
1330 1793 1369 1842 ῖ)
1415 1795 1519 1832 mala
1567 1793 1605 1833 in
1644 1795 1741 1833 urbe
1775 1798 1871 1833 nata
1909 1805 2000 1832 mox
2038 1805 2110 1843 per
2141 1793 2303 1833 Italiam
2346 1792 2461 1833 fundi
2500 1792 2541 1833 111

244 1861 560 1911 provinciasque
598 1873 765 1902 manare
804 1866 933 1911 putat.
996 1861 1188 1901 Poeticen
1228 1866 1359 1900 autem
1401 1861 1571 1909 Plinius,
1621 1867 1664 1899 ut
1696 1861 1920 1900 Maternus
1968 1859 2271 1909 religiosissime
2309 1863 2540 1900 veneratur.

244 1929 339 1977 (III,
373 1934 435 1977 15,
476 1928 526 1969 cf.
560 1928 592 1976 I,
627 1932 688 1976 13,
728 1928 782 1975 II,
819 1933 882 1974 11),
923 1928 1016 1977 VII,
1050 1931 1086 1967 4.
1126 1927 1220 1973 VII,
1254 1932 1316 1975 14,
1356 1928 1449 1969 VII.
1482 1934 1516 1972 11,
1552 1931 1614 1975 10,
1655 1928 1725 1967 IV.
1759 1931 1819 1967 14.
1859 1927 1906 1974 V,
1938 1931 1972 1974 3,
2010 1927 2057 1974 V,
2085 1930 2146 1974 10,
2180 1926 2254 1973 IX,
2280 1930 2343 1975 33,
2377 1926 2452 1975 IX,
2478 1930 2540 1976 10,

244 1995 362 2043 VIII,
389 2001 451 2043 19,
490 1995 604 2043 VIII,
631 1999 694 2043 21,
734 1997 830 2039 etc.)
888 1996 1022 2035 Lusus
1061 2001 1260 2034 vocantur
1296 1994 1473 2033 carmina
1513 2007 1533 2033 a
1573 1994 1762 2043 malignis
1799 1994 1909 2044 (VII.
1938 2000 1986 2040 -u,
2031 1994 2109 2043 10),
2150 1994 2220 2033 sed
2252 1993 2293 2033 hi
2323 1995 2434 2033 lusus
2464 2005 2542 2034 non

243 2062 438 2103 minorem
470 2061 674 2103 interdum
707 2063 877 2113 gloriam
911 2074 1029 2111 quam
1062 2061 1168 2101 seria
1201 2065 1516 2110 consequuntur.
1579 2061 1645 2100 Ita
1676 2061 1886 2100 Maternus
1919 2061 2032 2107 (dial.
2066 2072 2127 2110 cp.
2164 2066 2224 2103 11.
2261 2061 2341 2110 10),
2381 2061 2417 2099 si
2447 2060 2543 2110 quid

242 2130 285 2170 111
318 2142 362 2169 se
393 2128 564 2170 notitiae
595 2141 643 2170 ac
674 2129 845 2170 nominis
877 2129 943 2177 sit,
977 2128 1016 2168 id
1048 2128 1177 2178 magis
1209 2128 1434 2169 arbitratur
1464 2127 1684 2167 carminum
1716 2140 1833 2177 quam
1866 2127 2092 2168 orationum
2123 2128 2255 2178 gloria
2286 2132 2484 2178 partum..

450 2197 531 2238 Sed
561 2196 666 2237 satis
696 2196 836 2237 multis
867 2196 1064 2246 exemplis
1095 2195 1319 2235 monstravi
1351 2195 1613 2245 pluribusque
1644 2199 1869 2235 monstrare
1900 2207 2061 2245 possum
2101 2194 2150 2235 de
2187 2194 2370 2235 omnibus
2408 2196 2540 2246 rebus,

241 2277 343 2315 quas
374 2263 510 2314 Taciti
548 2253 734 2313 dialogus
771 2264 932 2311 habeat,
973 2262 1096 2302 etiam
1135 2263 1241 2312 apud
1281 2262 1382 2301 alios
1422 2262 1637 2302 eorundem
1673 2262 1757 2302 fere
1795 2267 2020 2312 temporum
2059 2261 2279 2312 scriptores
2315 2262 2542 2302 sententias

242 2330 449 2382 profe1·ri‚²
464 2335 509 2371 ut
537 2330 688 2380 optime
709 2330 876 2370 Traiani
899 2330 1028 2369 aetati
1049 2329 1198 2369 ascribi
1220 2330 1359 2378 possit,
1393 2342 1480 2368 611111
1514 2342 1666 2368 summa
1698 2329 1808 2368 illius
1830 2329 1957 2368 libelli
1978 2328 2141 2368 minime
2163 2329 2215 2368 ab
2237 2340 2286 2367 ea
2306 2328 2538 2369 abhorreat.

451 2394 569 2448 Quod
606 2409 702 2437 vero
738 2397 906 2437 Tacitus
943 2396 984 2437 in
1022 2396 1182 2446 dialogo
1219 2408 1309 2436 cuni
1340 2396 1691 2436 Ciceronianorum
1730 2395 1981 2445 dialogorum
2021 2401 2106 2434 111111
2136 2395 2342 2441 librorum,
2385 2395 2453 2443 qui
2492 2395 2542 2434 de

244 2469 412 2504 oratore
458 2463 748 2512 inscribuntur,
797 2468 839 2503 et
884 2462 1191 2513 dispositionem
1239 2468 1279 2502 et
1325 2462 1483 2502 dicendi
1522 2474 1649 2513 genus
1686 2461 1945 2512 apertissime
1982 2460 2168 2502 imitatus
2199 2465 2272 2509 est,
2320 2473 2341 2501 a
2374 2461 2542 2503 Traiani

206 2559 212 2563 -
242 2521 513 2583 temporibus⁹
534 2543 615 2571 non
662 2531 880 2581 discrepat.
940 2532 997 2571 At
1028 2530 1191 2580 plurimi
1222 2531 1271 2569 ob
1315 2542 1403 2569 eam
1435 2529 1703 2569 imitationem
1742 2529 1945 2580 dialogum
1977 2531 2048 2568 aut
2078 2529 2151 2568 sub
2182 2527 2275 2568 Tito
2306 2528 2371 2568 vel
2401 2527 2542 2579 primis

241 2597 469 2640 Domitiani
489 2597 610 2639 annis
630 2602 703 2638 aut
723 2598 883 2639 omnino
904 2610 983 2639 non
1014 2610 1037 2638 a
1059 2597 1204 2638 Tacito
1235 2598 1305 2638 sed
1337 2599 1388 2638 ab
1419 2597 1578 2647 aequali
1609 2597 1744 2647 aliquo
1776 2595 2039 2647 compositum
2070 2608 2159 2636 esse
2191 2595 2540 2637 existimaverunt.

241 2667 384 2716 Neque
416 2665 525 2707 enim
555 2665 645 2707 fieri
675 2678 794 2716 posse
824 2666 1109 2716 opinabantur,
1152 2669 1198 2705 ut
1237 2677 1366 2715 paene
1397 2665 1537 2705 eodem
1568 2669 1751 2715 tempore
1784 2663 1853 2703 ille
1884 2668 1926 2703 et
1956 2662 2172 2714 Agricolae
2201 2661 2542 2714 historiarumque

241 2737 285 2775 et
330 2733 486 2786 dialogi
530 2733 694 2775 dicendi
738 2745 889 2785 genere
929 2736 1125 2774 uteretur.
1186 2732 1414 2773 Praeterea
1444 2732 1544 2782 ipsis
1575 2732 1712 2772 verbis
1742 2735 1831 2771 tota
1861 2731 2076 2771 enuntiata
2106 2743 2197 2771 cum
2229 2730 2418 2770 Cicerone
2447 2742 2539 2772 con-

241 2812 390 2852 gruere
419 2801 472 2854 (e.
505 2813 545 2852 g.
577 2801 628 2841 de
657 2804 761 2841 orat.
794 2801 849 2849 II,
886 2804 920 2849 1,
954 2804 979 2841 4
1010 2803 1052 2841 61
1082 2800 1178 2842 dial.
1212 2812 1272 2852 cp.
1307 2804 1419 2850 2,15;
1458 2799 1508 2840 de
1545 2803 1647 2840 orat.
1678 2799 1712 2847 I,
1748 2803 1809 2846 10,
1850 2802 1899 2837 35
1939 2801 1981 2838 et
2010 2797 2105 2838 dial.
2138 2798 2171 2842 I.
2205 2803 2248 2847 93
2286 2797 2335 2840 cf.
2367 2797 2541 2838 Kleiber

241 2868 315 2908 1.1.
348 2880 415 2918 pg.
440 2873 490 2907 21
523 2868 617 2918 sq.),
649 2879 807 2908 omnem
837 2867 990 2917 dialogi
1021 2879 1185 2906 scenam
1216 2872 1258 2906 et
1288 2869 1531 2917 apparatum
1563 2877 1613 2906 ex
1644 2865 1848 2905 Ciceronis
1878 2864 1992 2905 libris
2023 2864 2073 2904 de
2103 2867 2264 2905 oratore
2294 2862 2538 2915 conscriptis

242 2944 333 2975 esse
361 2936 536 2985 sumpta,
567 2934 700 2976 multa
728 2934 836 2975 ultro
866 2946 917 2974 ex
937 2934 1118 2974 Senecae
1149 2933 1379 2983 philosophi
1405 2933 1594 2982 operibus
1615 2936 1658 2971 et
1680 2932 1932 2982 Quintiliano
1953 2931 2101 2981 petita3
2133 2931 2193 2970 ita
2214 2930 2535 2980 adulescentem,

240 3011 322 3041 non
352 2999 486 3042 virum
517 3000 582 3042 vel
611 3012 751 3042 senem
781 3000 974 3042 scribere.
1035 2999 1116 3042 Sed
1143 3011 1405 3050 quaecunque
1435 2998 1485 3040 de
1516 2995 1678 3050 dialogo
1709 2997 1942 3040 obiciuntur
1971 2998 2012 3040 in
2043 2996 2278 3048 Agricolam
2308 3009 2465 3047 quoque
2495 3000 2539 3037 et
