<?xml version="1.0" encoding="UTF-8"?>
<!DOCTYPE html PUBLIC "-//W3C//DTD XHTML 1.0 Transitional//EN"
    "http://www.w3.org/TR/xhtml1/DTD/xhtml1-transitional.dtd">
<html xmlns="http://www.w3.org/1999/xhtml" xml:lang="en" lang="en">
 <head>
  <title>
</title>
<meta http-equiv="Content-Type" content="text/html;charset=utf-8" />
  <meta name='ocr-system' content='tesseract 3.04.00' />
  <meta name='ocr-capabilities' content='ocr_page ocr_carea ocr_par ocr_line ocrx_word'/>
</head>
<body>
  <div class='ocr_page' id='page_1' title='image "4764110_0021.png"; bbox 0 0 2708 3339; ppageno 0'>
   <div class='ocr_carea' id='block_1_1' title="bbox 0 0 1350 574">
    <p class='ocr_par' dir='ltr' id='par_1_1' title="bbox 0 0 1350 574">
     <span class='ocr_line' id='line_1_1' title="bbox 0 0 1350 296; baseline 0 -64"><span class='ocrx_word' id='word_1_1' title='bbox 0 0 1350 296; x_wconf 95' lang='lat' dir='ltr'><strong>  </strong></span> 
     </span>
     <span class='ocr_line' id='line_1_2' title="bbox 0 296 340 428; baseline 0 -11"><span class='ocrx_word' id='word_1_2' title='bbox 0 296 340 428; x_wconf 95' lang='lat' dir='ltr'><strong>   </strong></span> 
     </span>
     <span class='ocr_line' id='line_1_3' title="bbox 0 428 156 574; baseline 0 -81"><span class='ocrx_word' id='word_1_3' title='bbox 0 428 156 574; x_wconf 95' lang='lat' dir='ltr'><strong>   </strong></span> 
     </span>
    </p>
   </div>
   <div class='ocr_carea' id='block_1_2' title="bbox 248 313 2431 393">
    <p class='ocr_par' dir='ltr' id='par_1_2' title="bbox 248 313 2431 393">
     <span class='ocr_line' id='line_1_4' title="bbox 248 313 2431 393; baseline 0.002 -27"><span class='ocrx_word' id='word_1_4' title='bbox 248 318 431 393; x_wconf 48' lang='lat' dir='ltr'><strong>-..:.⁶1³ss5·</strong></span> <span class='ocrx_word' id='word_1_5' title='bbox 410 313 527 381; x_wconf 66' lang='grc' dir='ltr'><strong><em>·Ῡ42</em></strong></span> <span class='ocrx_word' id='word_1_6' title='bbox 528 325 684 371; x_wconf 68' lang='lat' dir='ltr'><strong>eidem</strong></span> <span class='ocrx_word' id='word_1_7' title='bbox 696 322 876 379; x_wconf 77' lang='lat' dir='ltr'><strong>Regulo,</strong></span> <span class='ocrx_word' id='word_1_8' title='bbox 922 328 1036 368; x_wconf 86' lang='lat' dir='ltr'><strong>cuins</strong></span> <span class='ocrx_word' id='word_1_9' title='bbox 1077 326 1271 378; x_wconf 84' lang='lat' dir='ltr'><strong>periculis</strong></span> <span class='ocrx_word' id='word_1_10' title='bbox 1304 327 1497 368; x_wconf 79' lang='lat' dir='ltr'><strong>Messalla</strong></span> <span class='ocrx_word' id='word_1_11' title='bbox 1537 326 1668 370; x_wconf 85' lang='lat' dir='ltr'><strong>frater</strong></span> <span class='ocrx_word' id='word_1_12' title='bbox 1704 324 2051 380; x_wconf 67' lang='lat' dir='ltr'><strong>eloquennme</strong></span> <span class='ocrx_word' id='word_1_13' title='bbox 2065 326 2155 377; x_wconf 54' lang='grc' dir='ltr'><strong>εἰ</strong></span> <span class='ocrx_word' id='word_1_14' title='bbox 2147 319 2431 382; x_wconf 58' lang='lat' dir='ltr'><strong>opponent,</strong></span> 
     </span>
    </p>
   </div>
   <div class='ocr_carea' id='block_1_3' title="bbox 117 442 2434 525">
    <p class='ocr_par' dir='ltr' id='par_1_3' title="bbox 117 442 2434 525">
     <span class='ocr_line' id='line_1_5' title="bbox 117 442 2434 525; baseline 0 -18"><span class='ocrx_word' id='word_1_15' title='bbox 117 437 358 526; x_wconf 39' lang='grc'>5600111111,</span> <span class='ocrx_word' id='word_1_16' title='bbox 371 475 431 507; x_wconf 82' lang='lat' dir='ltr'><strong>eo</strong></span> <span class='ocrx_word' id='word_1_17' title='bbox 464 471 594 525; x_wconf 71' lang='lat' dir='ltr'><strong>usque</strong></span> <span class='ocrx_word' id='word_1_18' title='bbox 625 472 879 514; x_wconf 82' lang='lat' dir='ltr'><strong>progressus,</strong></span> <span class='ocrx_word' id='word_1_19' title='bbox 914 464 959 502; x_wconf 89' lang='lat' dir='ltr'><strong>ut</strong></span> <span class='ocrx_word' id='word_1_20' title='bbox 994 447 1087 512; x_wconf 81' lang='lat' dir='ltr'><strong>post</strong></span> <span class='ocrx_word' id='word_1_21' title='bbox 1121 461 1284 503; x_wconf 83' lang='lat' dir='ltr'><strong>caedem</strong></span> <span class='ocrx_word' id='word_1_22' title='bbox 1313 460 1474 502; x_wconf 87' lang='lat' dir='ltr'><strong>Pisonis</strong></span> <span class='ocrx_word' id='word_1_23' title='bbox 1508 442 1759 503; x_wconf 77' lang='lat' dir='ltr'>interfectori</span> <span class='ocrx_word' id='word_1_24' title='bbox 1794 474 1819 504; x_wconf 83' lang='lat' dir='ltr'><strong>a</strong></span> <span class='ocrx_word' id='word_1_25' title='bbox 1847 453 2008 514; x_wconf 69' lang='lat' dir='ltr'><strong>Regulo</strong></span> <span class='ocrx_word' id='word_1_26' title='bbox 2030 458 2273 512; x_wconf 64' lang='lat' dir='ltr'><strong>poemiam&amp;</strong></span> <span class='ocrx_word' id='word_1_27' title='bbox 2289 456 2434 508; x_wconf 55' lang='lat' dir='ltr'><em>w</em></span> 
     </span>
    </p>
   </div>
   <div class='ocr_carea' id='block_1_4' title="bbox 13 521 2476 780">
    <p class='ocr_par' dir='ltr' id='par_1_4' title="bbox 0 521 2530 780">
     <span class='ocr_line' id='line_1_6' title="bbox 52 521 2476 587; baseline -0.001 -16"><span class='ocrx_word' id='word_1_28' title='bbox 52 578 60 581; x_wconf 30' lang='lat' dir='ltr'><em>s</em></span> <span class='ocrx_word' id='word_1_29' title='bbox 134 521 460 587; x_wconf 72' lang='lat' dir='ltr'><strong>‘adpetitumque</strong></span> <span class='ocrx_word' id='word_1_30' title='bbox 490 541 626 573; x_wconf 85' lang='lat' dir='ltr'><strong>morsu</strong></span> <span class='ocrx_word' id='word_1_31' title='bbox 646 528 809 570; x_wconf 85' lang='lat' dir='ltr'><strong>Pisonis</strong></span> <span class='ocrx_word' id='word_1_32' title='bbox 838 532 961 579; x_wconf 87' lang='lat' dir='ltr'><strong>caput</strong></span> <span class='ocrx_word' id='word_1_33' title='bbox 988 528 1212 569; x_wconf 88' lang='lat' dir='ltr'><strong>obiectaret</strong></span> <span class='ocrx_word' id='word_1_34' title='bbox 1241 532 1285 569; x_wconf 90' lang='lat' dir='ltr'><strong>et</strong></span> <span class='ocrx_word' id='word_1_35' title='bbox 1304 527 1471 569; x_wconf 83' lang='lat' dir='ltr'><strong>libidine</strong></span> <span class='ocrx_word' id='word_1_36' title='bbox 1501 528 1710 579; x_wconf 85' lang='lat' dir='ltr'><strong>sanguinis</strong></span> <span class='ocrx_word' id='word_1_37' title='bbox 1739 532 1781 570; x_wconf 91' lang='lat' dir='ltr'><strong>et</strong></span> <span class='ocrx_word' id='word_1_38' title='bbox 1808 528 1924 570; x_wconf 86' lang='lat' dir='ltr'><strong>hiatu</strong></span> <span class='ocrx_word' id='word_1_39' title='bbox 1944 524 2221 580; x_wconf 71' lang='lat' dir='ltr'><strong>praemium</strong></span> <span class='ocrx_word' id='word_1_40' title='bbox 2247 521 2437 575; x_wconf 64' lang='lat' dir='ltr'><strong>innonat</strong></span> <span class='ocrx_word' id='word_1_41' title='bbox 2471 580 2476 583; x_wconf 26' lang='grc' dir='ltr'><em>ι</em></span> 
     </span>
     <span class='ocr_line' id='line_1_7' title="bbox 56 588 2471 655; baseline -0.003 -13.159"><span class='ocrx_word' id='word_1_42' title='bbox 56 617 89 648; x_wconf 51' lang='grc' dir='ltr'><strong>χ·</strong></span> <span class='ocrx_word' id='word_1_43' title='bbox 151 607 310 655; x_wconf 80' lang='lat' dir='ltr'><strong>pueros,</strong></span> <span class='ocrx_word' id='word_1_44' title='bbox 342 596 587 650; x_wconf 85' lang='lat' dir='ltr'><strong>conspicuas</strong></span> <span class='ocrx_word' id='word_1_45' title='bbox 619 595 803 644; x_wconf 85' lang='lat' dir='ltr'><strong>feminas,</strong></span> <span class='ocrx_word' id='word_1_46' title='bbox 843 595 1025 647; x_wconf 81' lang='lat' dir='ltr'><strong>illustres</strong></span> <span class='ocrx_word' id='word_1_47' title='bbox 1059 601 1178 636; x_wconf 88' lang='lat' dir='ltr'><strong>senes</strong></span> <span class='ocrx_word' id='word_1_48' title='bbox 1208 594 1349 636; x_wconf 86' lang='lat' dir='ltr'><strong>eadem</strong></span> <span class='ocrx_word' id='word_1_49' title='bbox 1383 594 1502 636; x_wconf 87' lang='lat' dir='ltr'><strong>ruina</strong></span> <span class='ocrx_word' id='word_1_50' title='bbox 1536 595 1587 635; x_wconf 92' lang='lat' dir='ltr'><strong>ab</strong></span> <span class='ocrx_word' id='word_1_51' title='bbox 1623 607 1670 635; x_wconf 91' lang='lat' dir='ltr'><strong>eo</strong></span> <span class='ocrx_word' id='word_1_52' title='bbox 1702 598 1929 645; x_wconf 86' lang='lat' dir='ltr'><strong>prostratos</strong></span> <span class='ocrx_word' id='word_1_53' title='bbox 1963 605 2054 637; x_wconf 80' lang='lat' dir='ltr'><strong>esse</strong></span> <span class='ocrx_word' id='word_1_54' title='bbox 2087 588 2264 655; x_wconf 57' lang='lat' dir='ltr'><strong>diem</strong></span> <span class='ocrx_word' id='word_1_55' title='bbox 2294 590 2435 645; x_wconf 65' lang='lat' dir='ltr'><strong>Tau·</strong></span> <span class='ocrx_word' id='word_1_56' title='bbox 2469 633 2471 635; x_wconf 76' lang='grc'><strong>,</strong></span> 
     </span>
     <span class='ocr_line' id='line_1_8' title="bbox 13 653 2433 715; baseline -0.003 -5"><span class='ocrx_word' id='word_1_57' title='bbox 13 656 21 663; x_wconf 64' lang='lat'><strong>.</strong></span> <span class='ocrx_word' id='word_1_58' title='bbox 64 677 70 681; x_wconf 91' lang='grc'><strong><em>·</em></strong></span> <span class='ocrx_word' id='word_1_59' title='bbox 125 659 267 715; x_wconf 53' lang='lat' dir='ltr'><strong>[certe</strong></span> <span class='ocrx_word' id='word_1_60' title='bbox 295 665 475 714; x_wconf 81' lang='lat' dir='ltr'><strong>Tacitus,</strong></span> <span class='ocrx_word' id='word_1_61' title='bbox 510 664 576 706; x_wconf 86' lang='lat' dir='ltr'><strong>vir</strong></span> <span class='ocrx_word' id='word_1_62' title='bbox 604 663 750 705; x_wconf 86' lang='lat' dir='ltr'><strong>anxius</strong></span> <span class='ocrx_word' id='word_1_63' title='bbox 791 665 834 703; x_wconf 89' lang='lat' dir='ltr'><strong>et</strong></span> <span class='ocrx_word' id='word_1_64' title='bbox 868 662 1061 713; x_wconf 88' lang='lat' dir='ltr'><strong>providus</strong></span> <span class='ocrx_word' id='word_1_65' title='bbox 1097 665 1139 702; x_wconf 89' lang='lat' dir='ltr'><strong>et</strong></span> <span class='ocrx_word' id='word_1_66' title='bbox 1173 663 1282 704; x_wconf 74' lang='lat' dir='ltr'><strong>intel</strong></span> <span class='ocrx_word' id='word_1_67' title='bbox 1315 662 1534 704; x_wconf 85' lang='lat' dir='ltr'><strong>factionum</strong></span> <span class='ocrx_word' id='word_1_68' title='bbox 1571 662 1794 704; x_wconf 83' lang='lat' dir='ltr'><strong>certamina</strong></span> <span class='ocrx_word' id='word_1_69' title='bbox 1828 662 1989 713; x_wconf 82' lang='lat' dir='ltr'><strong>ubique,</strong></span> <span class='ocrx_word' id='word_1_70' title='bbox 2024 662 2085 705; x_wconf 88' lang='grc'><strong>111</strong></span> <span class='ocrx_word' id='word_1_71' title='bbox 2100 660 2239 711; x_wconf 71' lang='lat' dir='ltr'><strong>fallor,</strong></span> <span class='ocrx_word' id='word_1_72' title='bbox 2269 653 2433 705; x_wconf 70' lang='lat' dir='ltr'><strong>medius</strong></span> 
     </span>
     <span class='ocr_line' id='line_1_9' title="bbox 153 727 2434 780; baseline -0.003 -3"><span class='ocrx_word' id='word_1_73' title='bbox 153 734 344 777; x_wconf 87' lang='lat' dir='ltr'><strong>incedens</strong></span> <span class='ocrx_word' id='word_1_74' title='bbox 376 734 419 772; x_wconf 87' lang='lat' dir='ltr'><strong>et</strong></span> <span class='ocrx_word' id='word_1_75' title='bbox 437 731 631 772; x_wconf 79' lang='lat' dir='ltr'><strong>Montano</strong></span> <span class='ocrx_word' id='word_1_76' title='bbox 662 732 705 770; x_wconf 89' lang='lat' dir='ltr'><strong>et</strong></span> <span class='ocrx_word' id='word_1_77' title='bbox 730 729 888 780; x_wconf 87' lang='lat' dir='ltr'><strong>Regulo</strong></span> <span class='ocrx_word' id='word_1_78' title='bbox 917 729 1034 777; x_wconf 85' lang='lat' dir='ltr'><strong>vivis,</strong></span> <span class='ocrx_word' id='word_1_79' title='bbox 1067 741 1155 769; x_wconf 90' lang='lat' dir='ltr'><strong>cum</strong></span> <span class='ocrx_word' id='word_1_80' title='bbox 1186 729 1398 779; x_wconf 89' lang='lat' dir='ltr'><strong>plurimum</strong></span> <span class='ocrx_word' id='word_1_81' title='bbox 1430 730 1493 770; x_wconf 88' lang='lat' dir='ltr'><strong>hic</strong></span> <span class='ocrx_word' id='word_1_82' title='bbox 1523 729 1646 769; x_wconf 86' lang='lat' dir='ltr'><strong>etiam</strong></span> <span class='ocrx_word' id='word_1_83' title='bbox 1677 730 1751 769; x_wconf 91' lang='lat' dir='ltr'><strong>sub</strong></span> <span class='ocrx_word' id='word_1_84' title='bbox 1771 729 1947 770; x_wconf 81' lang='lat' dir='ltr'><strong>Traiano</strong></span> <span class='ocrx_word' id='word_1_85' title='bbox 1975 729 2016 769; x_wconf 90' lang='lat' dir='ltr'><strong>in</strong></span> <span class='ocrx_word' id='word_1_86' title='bbox 2043 727 2252 780; x_wconf 72' lang='lat' dir='ltr'><strong>republica</strong></span> <span class='ocrx_word' id='word_1_87' title='bbox 2270 727 2434 780; x_wconf 71' lang='lat' dir='ltr'><strong>posset,</strong></span> 
     </span>
    </p>
   </div>
   <div class='ocr_carea' id='block_1_5' title="bbox 152 790 2435 1116">
    <p class='ocr_par' dir='ltr' id='par_1_5' title="bbox 152 790 2434 1116">
     <span class='ocr_line' id='line_1_10' title="bbox 152 790 2434 847; baseline -0.002 -5"><span class='ocrx_word' id='word_1_88' title='bbox 152 813 233 843; x_wconf 91' lang='lat' dir='ltr'><strong>non</strong></span> <span class='ocrx_word' id='word_1_89' title='bbox 262 797 479 840; x_wconf 80' lang='lat' dir='ltr'><strong>memoriae</strong></span> <span class='ocrx_word' id='word_1_90' title='bbox 510 796 801 838; x_wconf 81' lang='lat' dir='ltr'><strong>mandavisset.</strong></span> <span class='ocrx_word' id='word_1_91' title='bbox 861 796 1005 845; x_wconf 85' lang='lat' dir='ltr'><strong>Itaque</strong></span> <span class='ocrx_word' id='word_1_92' title='bbox 1034 799 1129 846; x_wconf 91' lang='lat' dir='ltr'><strong>post</strong></span> <span class='ocrx_word' id='word_1_93' title='bbox 1157 796 1303 847; x_wconf 90' lang='lat' dir='ltr'><strong>Reguli</strong></span> <span class='ocrx_word' id='word_1_94' title='bbox 1333 799 1499 837; x_wconf 87' lang='lat' dir='ltr'><strong>mortem</strong></span> <span class='ocrx_word' id='word_1_95' title='bbox 1530 800 1699 846; x_wconf 89' lang='lat' dir='ltr'><strong>quartus</strong></span> <span class='ocrx_word' id='word_1_96' title='bbox 1729 796 1832 836; x_wconf 90' lang='lat' dir='ltr'><strong>liber</strong></span> <span class='ocrx_word' id='word_1_97' title='bbox 1851 794 2139 837; x_wconf 66' lang='lat' dir='ltr'><strong>Historiarum</strong></span> <span class='ocrx_word' id='word_1_98' title='bbox 2153 790 2329 839; x_wconf 67' lang='lat' dir='ltr'><strong>emissus</strong></span> <span class='ocrx_word' id='word_1_99' title='bbox 2343 796 2434 837; x_wconf 29' lang='lat' dir='ltr'><strong>*est-</strong></span> 
     </span>
     <span class='ocr_line' id='line_1_11' title="bbox 154 862 2434 914; baseline -0.002 -6"><span class='ocrx_word' id='word_1_100' title='bbox 154 869 198 909; x_wconf 90' lang='lat' dir='ltr'><strong>Is</strong></span> <span class='ocrx_word' id='word_1_101' title='bbox 226 870 375 914; x_wconf 85' lang='lat' dir='ltr'><strong>autem,</strong></span> <span class='ocrx_word' id='word_1_102' title='bbox 408 877 499 905; x_wconf 88' lang='lat' dir='ltr'><strong>cum</strong></span> <span class='ocrx_word' id='word_1_103' title='bbox 529 864 745 904; x_wconf 87' lang='lat' dir='ltr'><strong>secundam</strong></span> <span class='ocrx_word' id='word_1_104' title='bbox 775 863 911 912; x_wconf 88' lang='lat' dir='ltr'><strong>quarti</strong></span> <span class='ocrx_word' id='word_1_105' title='bbox 939 863 1031 903; x_wconf 81' lang='grc' dir='ltr'>111)ιί</span> <span class='ocrx_word' id='word_1_106' title='bbox 1052 863 1266 913; x_wconf 78' lang='lat' dir='ltr'><strong>epistulam</strong></span> <span class='ocrx_word' id='word_1_107' title='bbox 1288 863 1444 904; x_wconf 87' lang='lat' dir='ltr'><strong>Plinius</strong></span> <span class='ocrx_word' id='word_1_108' title='bbox 1465 866 1734 914; x_wconf 89' lang='lat' dir='ltr'><strong>componeret,</strong></span> <span class='ocrx_word' id='word_1_109' title='bbox 1765 874 1871 904; x_wconf 88' lang='lat' dir='ltr'><strong>anno</strong></span> <span class='ocrx_word' id='word_1_110' title='bbox 1895 867 1975 904; x_wconf 82' lang='lat'><strong>104</strong></span> <span class='ocrx_word' id='word_1_111' title='bbox 1989 863 2168 904; x_wconf 83' lang='lat' dir='ltr'><strong>nondum</strong></span> <span class='ocrx_word' id='word_1_112' title='bbox 2187 862 2434 911; x_wconf 59' lang='lat' dir='ltr'><strong>decesserat,</strong></span> 
     </span>
     <span class='ocr_line' id='line_1_12' title="bbox 157 927 2434 982; baseline -0.003 -7"><span class='ocrx_word' id='word_1_113' title='bbox 157 934 231 975; x_wconf 88' lang='lat' dir='ltr'><strong>sed</strong></span> <span class='ocrx_word' id='word_1_114' title='bbox 261 945 351 974; x_wconf 90' lang='lat' dir='ltr'><strong>cum</strong></span> <span class='ocrx_word' id='word_1_115' title='bbox 388 931 605 972; x_wconf 88' lang='lat' dir='ltr'><strong>secundam</strong></span> <span class='ocrx_word' id='word_1_116' title='bbox 635 929 743 971; x_wconf 85' lang='lat' dir='ltr'><strong>sexti</strong></span> <span class='ocrx_word' id='word_1_117' title='bbox 779 928 872 970; x_wconf 89' lang='lat' dir='ltr'><strong>libri</strong></span> <span class='ocrx_word' id='word_1_118' title='bbox 902 929 954 969; x_wconf 87' lang='lat' dir='ltr'><strong>ad</strong></span> <span class='ocrx_word' id='word_1_119' title='bbox 982 929 1200 970; x_wconf 87' lang='lat' dir='ltr'><strong>Arrianum</strong></span> <span class='ocrx_word' id='word_1_120' title='bbox 1231 929 1357 979; x_wconf 86' lang='lat' dir='ltr'><strong>daret,</strong></span> <span class='ocrx_word' id='word_1_121' title='bbox 1389 942 1494 971; x_wconf 89' lang='lat' dir='ltr'><strong>anno</strong></span> <span class='ocrx_word' id='word_1_122' title='bbox 1527 933 1605 971; x_wconf 89' lang='grc'><strong>106</strong></span> <span class='ocrx_word' id='word_1_123' title='bbox 1636 933 1817 971; x_wconf 91' lang='lat' dir='ltr'><strong>mortuus</strong></span> <span class='ocrx_word' id='word_1_124' title='bbox 1846 933 1950 978; x_wconf 87' lang='lat' dir='ltr'><strong>erat,</strong></span> <span class='ocrx_word' id='word_1_125' title='bbox 1979 929 2048 982; x_wconf 88' lang='lat' dir='ltr'><strong>(cf.</strong></span> <span class='ocrx_word' id='word_1_126' title='bbox 2079 929 2302 970; x_wconf 82' lang='lat' dir='ltr'><strong>Mommsen</strong></span> <span class='ocrx_word' id='word_1_127' title='bbox 2329 929 2355 970; x_wconf 90' lang='lat' dir='ltr'><strong>l.</strong></span> <span class='ocrx_word' id='word_1_128' title='bbox 2385 927 2434 982; x_wconf 89' lang='grc'><strong>1.)</strong></span> 
     </span>
     <span class='ocr_line' id='line_1_13' title="bbox 155 995 2435 1048; baseline -0.001 -7"><span class='ocrx_word' id='word_1_129' title='bbox 155 1004 202 1042; x_wconf 87' lang='lat' dir='ltr'><strong>ut</strong></span> <span class='ocrx_word' id='word_1_130' title='bbox 230 1012 336 1040; x_wconf 86' lang='lat' dir='ltr'><strong>anno</strong></span> <span class='ocrx_word' id='word_1_131' title='bbox 370 1002 447 1039; x_wconf 83' lang='lat'><strong>105</strong></span> <span class='ocrx_word' id='word_1_132' title='bbox 479 1009 569 1039; x_wconf 89' lang='lat' dir='ltr'><strong>eum</strong></span> <span class='ocrx_word' id='word_1_133' title='bbox 599 997 703 1037; x_wconf 90' lang='lat' dir='ltr'><strong>diem</strong></span> <span class='ocrx_word' id='word_1_134' title='bbox 733 996 865 1037; x_wconf 88' lang='lat' dir='ltr'><strong>obisse</strong></span> <span class='ocrx_word' id='word_1_135' title='bbox 895 995 1224 1036; x_wconf 89' lang='lat' dir='ltr'><strong>verisimillimum</strong></span> <span class='ocrx_word' id='word_1_136' title='bbox 1263 997 1327 1037; x_wconf 89' lang='lat' dir='ltr'><strong>sit.</strong></span> <span class='ocrx_word' id='word_1_137' title='bbox 1388 997 1584 1048; x_wconf 83' lang='lat' dir='ltr'><strong>Dialogus</strong></span> <span class='ocrx_word' id='word_1_138' title='bbox 1622 997 1749 1048; x_wconf 89' lang='lat' dir='ltr'><strong>igitur</strong></span> <span class='ocrx_word' id='word_1_139' title='bbox 1788 1000 1886 1038; x_wconf 87' lang='lat' dir='ltr'><strong>aute</strong></span> <span class='ocrx_word' id='word_1_140' title='bbox 1919 1008 2069 1038; x_wconf 79' lang='lat' dir='ltr'><strong>annum</strong></span> <span class='ocrx_word' id='word_1_141' title='bbox 2109 998 2185 1037; x_wconf 82' lang='lat'><strong>105</strong></span> <span class='ocrx_word' id='word_1_142' title='bbox 2223 995 2435 1042; x_wconf 62' lang='lat' dir='ltr'><strong>contem</strong></span> 
     </span>
     <span class='ocr_line' id='line_1_14' title="bbox 154 1052 2434 1116; baseline -0.002 -8"><span class='ocrx_word' id='word_1_143' title='bbox 154 1069 230 1108; x_wconf 88' lang='lat' dir='ltr'><strong>est.</strong></span> <span class='ocrx_word' id='word_1_144' title='bbox 290 1065 431 1116; x_wconf 85' lang='lat' dir='ltr'><strong>Neque</strong></span> <span class='ocrx_word' id='word_1_145' title='bbox 451 1064 557 1106; x_wconf 87' lang='lat' dir='ltr'><strong>enim</strong></span> <span class='ocrx_word' id='word_1_146' title='bbox 578 1063 833 1104; x_wconf 82' lang='lat' dir='ltr'><strong>laudavisset</strong></span> <span class='ocrx_word' id='word_1_147' title='bbox 852 1062 972 1102; x_wconf 90' lang='lat' dir='ltr'><strong>istum</strong></span> <span class='ocrx_word' id='word_1_148' title='bbox 994 1074 1124 1112; x_wconf 90' lang='lat' dir='ltr'><strong>neque</strong></span> <span class='ocrx_word' id='word_1_149' title='bbox 1144 1063 1306 1102; x_wconf 88' lang='lat' dir='ltr'><strong>silentio</strong></span> <span class='ocrx_word' id='word_1_150' title='bbox 1327 1064 1414 1104; x_wconf 90' lang='lat' dir='ltr'><strong>eius</strong></span> <span class='ocrx_word' id='word_1_151' title='bbox 1433 1063 1542 1103; x_wconf 81' lang='lat' dir='ltr'><strong>inter</strong></span> <span class='ocrx_word' id='word_1_152' title='bbox 1561 1064 1662 1104; x_wconf 88' lang='lat' dir='ltr'><strong>alios</strong></span> <span class='ocrx_word' id='word_1_153' title='bbox 1683 1064 1885 1104; x_wconf 87' lang='lat' dir='ltr'><strong>delatores</strong></span> <span class='ocrx_word' id='word_1_154' title='bbox 1904 1075 2048 1105; x_wconf 88' lang='lat' dir='ltr'><strong>nomeu</strong></span> <span class='ocrx_word' id='word_1_155' title='bbox 2067 1052 2236 1106; x_wconf 69' lang='lat' dir='ltr'><strong>Tacitus</strong></span> <span class='ocrx_word' id='word_1_156' title='bbox 2254 1065 2434 1115; x_wconf 67' lang='lat' dir='ltr'><strong>praetan-</strong></span> 
     </span>
    </p>
   </div>
   <div class='ocr_carea' id='block_1_6' title="bbox 155 1128 2456 1183">
    <p class='ocr_par' dir='ltr' id='par_1_6' title="bbox 155 1128 2456 1183">
     <span class='ocr_line' id='line_1_15' title="bbox 155 1128 2456 1183; baseline -0.002 -9"><span class='ocrx_word' id='word_1_157' title='bbox 155 1134 345 1180; x_wconf 84' lang='lat' dir='ltr'><strong>misisset,</strong></span> <span class='ocrx_word' id='word_1_158' title='bbox 373 1132 451 1172; x_wconf 89' lang='lat' dir='ltr'><strong>nisi</strong></span> <span class='ocrx_word' id='word_1_159' title='bbox 473 1132 682 1172; x_wconf 83' lang='lat' dir='ltr'><strong>etiamtum</strong></span> <span class='ocrx_word' id='word_1_160' title='bbox 704 1129 891 1180; x_wconf 82' lang='lat' dir='ltr'><strong>vixisset3</strong></span> <span class='ocrx_word' id='word_1_161' title='bbox 926 1129 997 1170; x_wconf 90' lang='lat' dir='ltr'><strong>sed</strong></span> <span class='ocrx_word' id='word_1_162' title='bbox 1018 1133 1104 1171; x_wconf 89' lang='lat' dir='ltr'><strong>tum</strong></span> <span class='ocrx_word' id='word_1_163' title='bbox 1125 1142 1212 1171; x_wconf 90' lang='lat' dir='ltr'><strong>cum</strong></span> <span class='ocrx_word' id='word_1_164' title='bbox 1233 1134 1413 1171; x_wconf 84' lang='lat' dir='ltr'><strong>mortuus</strong></span> <span class='ocrx_word' id='word_1_165' title='bbox 1433 1134 1534 1180; x_wconf 87' lang='lat' dir='ltr'><strong>erat,</strong></span> <span class='ocrx_word' id='word_1_166' title='bbox 1567 1130 1773 1172; x_wconf 86' lang='lat' dir='ltr'><strong>foedorum</strong></span> <span class='ocrx_word' id='word_1_167' title='bbox 1792 1129 1954 1171; x_wconf 89' lang='lat' dir='ltr'><strong>illorum</strong></span> <span class='ocrx_word' id='word_1_168' title='bbox 1974 1128 2183 1173; x_wconf 64' lang='lat' dir='ltr'><strong>caminum</strong></span> <span class='ocrx_word' id='word_1_169' title='bbox 2203 1129 2434 1172; x_wconf 78' lang='lat' dir='ltr'><strong>memoriam</strong></span> <span class='ocrx_word' id='word_1_170' title='bbox 2453 1181 2456 1183; x_wconf 66' lang='lat'>‚</span> 
     </span>
    </p>
   </div>
   <div class='ocr_carea' id='block_1_7' title="bbox 155 1195 1171 1250">
    <p class='ocr_par' dir='ltr' id='par_1_7' title="bbox 155 1195 1171 1250">
     <span class='ocr_line' id='line_1_16' title="bbox 155 1195 1171 1250; baseline -0.006 -9"><span class='ocrx_word' id='word_1_171' title='bbox 155 1199 439 1250; x_wconf 83' lang='lat' dir='ltr'><strong>redintegrare</strong></span> <span class='ocrx_word' id='word_1_172' title='bbox 469 1197 721 1249; x_wconf 88' lang='lat' dir='ltr'><strong>posterisque</strong></span> <span class='ocrx_word' id='word_1_173' title='bbox 753 1195 915 1236; x_wconf 85' lang='lat' dir='ltr'><strong>tradere</strong></span> <span class='ocrx_word' id='word_1_174' title='bbox 945 1208 1065 1236; x_wconf 85' lang='lat' dir='ltr'><strong>ausus</strong></span> <span class='ocrx_word' id='word_1_175' title='bbox 1096 1200 1171 1236; x_wconf 88' lang='lat' dir='ltr'><strong>est.</strong></span> 
     </span>
    </p>
   </div>
   <div class='ocr_carea' id='block_1_8' title="bbox 157 1329 2435 1451">
    <p class='ocr_par' dir='ltr' id='par_1_8' title="bbox 157 1329 2435 1451">
     <span class='ocr_line' id='line_1_17' title="bbox 358 1329 2435 1383; baseline -0.001 -10"><span class='ocrx_word' id='word_1_176' title='bbox 358 1331 439 1373; x_wconf 86' lang='lat' dir='ltr'><strong>Sed</strong></span> <span class='ocrx_word' id='word_1_177' title='bbox 468 1334 510 1372; x_wconf 89' lang='lat' dir='ltr'><strong>et</strong></span> <span class='ocrx_word' id='word_1_178' title='bbox 540 1334 636 1371; x_wconf 87' lang='lat' dir='ltr'><strong>ante</strong></span> <span class='ocrx_word' id='word_1_179' title='bbox 673 1338 819 1372; x_wconf 89' lang='lat' dir='ltr'><strong>annum</strong></span> <span class='ocrx_word' id='word_1_180' title='bbox 852 1333 941 1379; x_wconf 86' lang='lat'><strong>103,</strong></span> <span class='ocrx_word' id='word_1_181' title='bbox 981 1330 1045 1370; x_wconf 90' lang='lat' dir='ltr'><strong>cui</strong></span> <span class='ocrx_word' id='word_1_182' title='bbox 1080 1330 1255 1380; x_wconf 84' lang='lat' dir='ltr'><strong>epistula</strong></span> <span class='ocrx_word' id='word_1_183' title='bbox 1284 1330 1408 1371; x_wconf 86' lang='lat' dir='ltr'><strong>Plinii</strong></span> <span class='ocrx_word' id='word_1_184' title='bbox 1438 1330 1508 1379; x_wconf 78' lang='lat' dir='ltr'><strong>IV,</strong></span> <span class='ocrx_word' id='word_1_185' title='bbox 1550 1334 1601 1371; x_wconf 72' lang='lat'><strong>13</strong></span> <span class='ocrx_word' id='word_1_186' title='bbox 1639 1331 1691 1370; x_wconf 87' lang='lat' dir='ltr'><strong>ad</strong></span> <span class='ocrx_word' id='word_1_187' title='bbox 1720 1329 1905 1371; x_wconf 87' lang='lat' dir='ltr'><strong>Tacitum</strong></span> <span class='ocrx_word' id='word_1_188' title='bbox 1930 1330 2065 1383; x_wconf 18' lang='lat' dir='ltr'><strong>*missa</strong></span> <span class='ocrx_word' id='word_1_189' title='bbox 2101 1330 2341 1372; x_wconf 80' lang='lat' dir='ltr'><strong>ascribenda</strong></span> <span class='ocrx_word' id='word_1_190' title='bbox 2369 1334 2435 1373; x_wconf 84' lang='lat' dir='ltr'><strong>est</strong></span> 
     </span>
     <span class='ocr_line' id='line_1_18' title="bbox 157 1396 2435 1451; baseline -0.001 -10"><span class='ocrx_word' id='word_1_191' title='bbox 157 1399 225 1451; x_wconf 83' lang='lat' dir='ltr'><strong>(cf.</strong></span> <span class='ocrx_word' id='word_1_192' title='bbox 257 1399 479 1440; x_wconf 86' lang='lat' dir='ltr'><strong>Mommsen</strong></span> <span class='ocrx_word' id='word_1_193' title='bbox 516 1399 540 1437; x_wconf 93' lang='lat' dir='ltr'><strong>l.</strong></span> <span class='ocrx_word' id='word_1_194' title='bbox 582 1397 608 1437; x_wconf 94' lang='lat' dir='ltr'><strong>l.</strong></span> <span class='ocrx_word' id='word_1_195' title='bbox 645 1409 710 1448; x_wconf 86' lang='lat' dir='ltr'><strong>pg.</strong></span> <span class='ocrx_word' id='word_1_196' title='bbox 748 1401 800 1437; x_wconf 87' lang='lat'><strong>45</strong></span> <span class='ocrx_word' id='word_1_197' title='bbox 838 1396 928 1448; x_wconf 81' lang='lat' dir='ltr'><strong>sq),</strong></span> <span class='ocrx_word' id='word_1_198' title='bbox 967 1397 1151 1447; x_wconf 84' lang='lat' dir='ltr'><strong>dialogus</strong></span> <span class='ocrx_word' id='word_1_199' title='bbox 1187 1397 1430 1447; x_wconf 90' lang='lat' dir='ltr'><strong>compositus</strong></span> <span class='ocrx_word' id='word_1_200' title='bbox 1467 1401 1542 1438; x_wconf 83' lang='lat' dir='ltr'><strong>est.</strong></span> <span class='ocrx_word' id='word_1_201' title='bbox 1601 1398 1649 1437; x_wconf 89' lang='lat' dir='ltr'><strong>In</strong></span> <span class='ocrx_word' id='word_1_202' title='bbox 1685 1409 1734 1437; x_wconf 84' lang='lat' dir='ltr'><strong>ea-</strong></span> <span class='ocrx_word' id='word_1_203' title='bbox 1772 1397 1879 1437; x_wconf 89' lang='lat' dir='ltr'><strong>euim</strong></span> <span class='ocrx_word' id='word_1_204' title='bbox 1908 1397 2083 1447; x_wconf 86' lang='lat' dir='ltr'><strong>epistula</strong></span> <span class='ocrx_word' id='word_1_205' title='bbox 2111 1397 2151 1449; x_wconf 63' lang='grc' dir='ltr'><strong>(ξ</strong></span> <span class='ocrx_word' id='word_1_206' title='bbox 2184 1396 2255 1449; x_wconf 87' lang='grc'><strong>10)</strong></span> <span class='ocrx_word' id='word_1_207' title='bbox 2283 1397 2352 1439; x_wconf 88' lang='grc'>1110</span> <span class='ocrx_word' id='word_1_208' title='bbox 2380 1399 2435 1439; x_wconf 77' lang='lat' dir='ltr'><strong>ab</strong></span> 
     </span>
    </p>
   </div>
   <div class='ocr_carea' id='block_1_9' title="bbox 157 1463 2484 1519">
    <p class='ocr_par' dir='ltr' id='par_1_9' title="bbox 157 1463 2484 1519">
     <span class='ocr_line' id='line_1_19' title="bbox 157 1463 2484 1519; baseline 0 -12"><span class='ocrx_word' id='word_1_209' title='bbox 157 1466 288 1508; x_wconf 89' lang='lat' dir='ltr'><strong>amico</strong></span> <span class='ocrx_word' id='word_1_210' title='bbox 308 1465 426 1516; x_wconf 89' lang='lat' dir='ltr'><strong>petit,</strong></span> <span class='ocrx_word' id='word_1_211' title='bbox 449 1469 495 1505; x_wconf 92' lang='lat' dir='ltr'><strong>ut</strong></span> <span class='ocrx_word' id='word_1_212' title='bbox 515 1476 567 1504; x_wconf 84' lang='lat' dir='ltr'><strong>ex</strong></span> <span class='ocrx_word' id='word_1_213' title='bbox 586 1464 703 1514; x_wconf 89' lang='lat' dir='ltr'><strong>copia</strong></span> <span class='ocrx_word' id='word_1_214' title='bbox 722 1464 1003 1512; x_wconf 88' lang='lat' dir='ltr'><strong>studiosorum,</strong></span> <span class='ocrx_word' id='word_1_215' title='bbox 1026 1476 1129 1513; x_wconf 86' lang='lat' dir='ltr'><strong>quae</strong></span> <span class='ocrx_word' id='word_1_216' title='bbox 1150 1464 1202 1503; x_wconf 90' lang='lat' dir='ltr'><strong>ad</strong></span> <span class='ocrx_word' id='word_1_217' title='bbox 1222 1476 1312 1504; x_wconf 90' lang='lat' dir='ltr'><strong>eum</strong></span> <span class='ocrx_word' id='word_1_218' title='bbox 1333 1476 1384 1503; x_wconf 82' lang='lat' dir='ltr'><strong>ex</strong></span> <span class='ocrx_word' id='word_1_219' title='bbox 1404 1463 1672 1504; x_wconf 86' lang='lat' dir='ltr'><strong>admiratione</strong></span> <span class='ocrx_word' id='word_1_220' title='bbox 1693 1463 1845 1514; x_wconf 85' lang='lat' dir='ltr'><strong>ingenii</strong></span> <span class='ocrx_word' id='word_1_221' title='bbox 1866 1464 2111 1512; x_wconf 83' lang='lat' dir='ltr'><strong>convenerit,</strong></span> <span class='ocrx_word' id='word_1_222' title='bbox 2135 1463 2436 1519; x_wconf 68' lang='lat' dir='ltr'><strong>oileumspiciat</strong></span> <span class='ocrx_word' id='word_1_223' title='bbox 2479 1486 2484 1490; x_wconf 79' lang='lat'><strong>,</strong></span> 
     </span>
    </p>
   </div>
   <div class='ocr_carea' id='block_1_10' title="bbox 158 1529 2437 1790">
    <p class='ocr_par' dir='ltr' id='par_1_10' title="bbox 158 1529 2437 1790">
     <span class='ocr_line' id='line_1_20' title="bbox 159 1529 2435 1583; baseline 0 -10"><span class='ocrx_word' id='word_1_224' title='bbox 159 1536 458 1583; x_wconf 80' lang='lat' dir='ltr'><strong>praeceptores,</strong></span> <span class='ocrx_word' id='word_1_225' title='bbox 490 1543 589 1581; x_wconf 90' lang='lat' dir='ltr'><strong>quos</strong></span> <span class='ocrx_word' id='word_1_226' title='bbox 618 1531 838 1572; x_wconf 86' lang='lat' dir='ltr'><strong>sollicitare</strong></span> <span class='ocrx_word' id='word_1_227' title='bbox 868 1534 910 1571; x_wconf 92' lang='lat' dir='ltr'><strong>et</strong></span> <span class='ocrx_word' id='word_1_228' title='bbox 929 1531 982 1571; x_wconf 88' lang='lat' dir='ltr'><strong>ad</strong></span> <span class='ocrx_word' id='word_1_229' title='bbox 1002 1530 1202 1571; x_wconf 88' lang='lat' dir='ltr'><strong>docendos</strong></span> <span class='ocrx_word' id='word_1_230' title='bbox 1222 1530 1547 1571; x_wconf 85' lang='lat' dir='ltr'><strong>adulescentulos</strong></span> <span class='ocrx_word' id='word_1_231' title='bbox 1568 1531 1741 1579; x_wconf 89' lang='lat' dir='ltr'><strong>Comum,</strong></span> <span class='ocrx_word' id='word_1_232' title='bbox 1773 1530 1836 1571; x_wconf 89' lang='lat' dir='ltr'><strong>cui</strong></span> <span class='ocrx_word' id='word_1_233' title='bbox 1866 1530 1966 1579; x_wconf 82' lang='lat' dir='ltr'><strong>urbi,</strong></span> <span class='ocrx_word' id='word_1_234' title='bbox 1997 1542 2087 1572; x_wconf 90' lang='lat' dir='ltr'><strong>cum</strong></span> <span class='ocrx_word' id='word_1_235' title='bbox 2116 1530 2210 1572; x_wconf 84' lang='lat' dir='ltr'><strong>inde</strong></span> <span class='ocrx_word' id='word_1_236' title='bbox 2239 1529 2435 1574; x_wconf 72' lang='lat' dir='ltr'><strong>oriundus</strong></span> 
     </span>
     <span class='ocr_line' id='line_1_21' title="bbox 162 1591 2434 1653; baseline -0.001 -13"><span class='ocrx_word' id='word_1_237' title='bbox 162 1602 284 1648; x_wconf 89' lang='lat' dir='ltr'><strong>esset,</strong></span> <span class='ocrx_word' id='word_1_238' title='bbox 316 1598 383 1649; x_wconf 92' lang='lat' dir='ltr'><strong>pie</strong></span> <span class='ocrx_word' id='word_1_239' title='bbox 402 1591 689 1649; x_wconf 80' lang='lat' dir='ltr'><strong>prospiciebat,</strong></span> <span class='ocrx_word' id='word_1_240' title='bbox 710 1597 978 1647; x_wconf 82' lang='lat' dir='ltr'><strong>municipibus</strong></span> <span class='ocrx_word' id='word_1_241' title='bbox 998 1597 1161 1637; x_wconf 88' lang='lat' dir='ltr'><strong>mittere</strong></span> <span class='ocrx_word' id='word_1_242' title='bbox 1181 1597 1321 1646; x_wconf 83' lang='lat' dir='ltr'><strong>possit.</strong></span> <span class='ocrx_word' id='word_1_243' title='bbox 1368 1597 1483 1649; x_wconf 77' lang='lat' dir='ltr'><strong>Quae</strong></span> <span class='ocrx_word' id='word_1_244' title='bbox 1503 1598 1660 1647; x_wconf 90' lang='lat' dir='ltr'><strong>quidem</strong></span> <span class='ocrx_word' id='word_1_245' title='bbox 1682 1598 1796 1647; x_wconf 89' lang='lat' dir='ltr'><strong>copia</strong></span> <span class='ocrx_word' id='word_1_246' title='bbox 1817 1598 2086 1644; x_wconf 85' lang='lat' dir='ltr'><strong>studiosorum</strong></span> <span class='ocrx_word' id='word_1_247' title='bbox 2105 1598 2141 1637; x_wconf 80' lang='lat' dir='ltr'><strong>si</strong></span> <span class='ocrx_word' id='word_1_248' title='bbox 2159 1598 2215 1638; x_wconf 82' lang='lat' dir='ltr'><strong>ad</strong></span> <span class='ocrx_word' id='word_1_249' title='bbox 2232 1594 2434 1653; x_wconf 73' lang='lat' dir='ltr'><strong>Tacitm,</strong></span> 
     </span>
     <span class='ocr_line' id='line_1_22' title="bbox 160 1658 2435 1716; baseline 0 -10"><span class='ocrx_word' id='word_1_250' title='bbox 160 1665 383 1716; x_wconf 89' lang='lat' dir='ltr'><strong>principem</strong></span> <span class='ocrx_word' id='word_1_251' title='bbox 412 1669 498 1706; x_wconf 88' lang='lat' dir='ltr'><strong>tum</strong></span> <span class='ocrx_word' id='word_1_252' title='bbox 519 1664 639 1705; x_wconf 87' lang='lat' dir='ltr'><strong>facile</strong></span> <span class='ocrx_word' id='word_1_253' title='bbox 668 1664 709 1704; x_wconf 91' lang='lat' dir='ltr'><strong>in</strong></span> <span class='ocrx_word' id='word_1_254' title='bbox 739 1676 783 1704; x_wconf 90' lang='lat' dir='ltr'><strong>re</strong></span> <span class='ocrx_word' id='word_1_255' title='bbox 808 1664 968 1715; x_wconf 88' lang='lat' dir='ltr'><strong>publica</strong></span> <span class='ocrx_word' id='word_1_256' title='bbox 997 1667 1196 1704; x_wconf 86' lang='lat' dir='ltr'><strong>oratorem</strong></span> <span class='ocrx_word' id='word_1_257' title='bbox 1225 1663 1304 1703; x_wconf 89' lang='lat' dir='ltr'><strong>iam</strong></span> <span class='ocrx_word' id='word_1_258' title='bbox 1335 1664 1601 1712; x_wconf 82' lang='lat' dir='ltr'><strong>convenisset,</strong></span> <span class='ocrx_word' id='word_1_259' title='bbox 1632 1663 1862 1714; x_wconf 90' lang='lat' dir='ltr'><strong>priusquam</strong></span> <span class='ocrx_word' id='word_1_260' title='bbox 1893 1662 2096 1714; x_wconf 81' lang='lat' dir='ltr'><strong>dialogum</strong></span> <span class='ocrx_word' id='word_1_261' title='bbox 2124 1658 2435 1716; x_wconf 80' lang='lat' dir='ltr'><strong>aggrederetur,</strong></span> 
     </span>
     <span class='ocr_line' id='line_1_23' title="bbox 158 1730 2437 1790; baseline 0 -17"><span class='ocrx_word' id='word_1_262' title='bbox 158 1745 249 1773; x_wconf 91' lang='lat' dir='ltr'><strong>cum</strong></span> <span class='ocrx_word' id='word_1_263' title='bbox 286 1732 328 1772; x_wconf 89' lang='lat' dir='ltr'><strong>in</strong></span> <span class='ocrx_word' id='word_1_264' title='bbox 364 1733 568 1790; x_wconf 78' lang='lat' dir='ltr'><strong>rhetorum</strong></span> <span class='ocrx_word' id='word_1_265' title='bbox 605 1731 762 1772; x_wconf 88' lang='lat' dir='ltr'><strong>scholas</strong></span> <span class='ocrx_word' id='word_1_266' title='bbox 797 1731 1147 1771; x_wconf 86' lang='lat' dir='ltr'><strong>vehementissime</strong></span> <span class='ocrx_word' id='word_1_267' title='bbox 1188 1730 1373 1772; x_wconf 85' lang='lat' dir='ltr'><strong>invectus</strong></span> <span class='ocrx_word' id='word_1_268' title='bbox 1408 1736 1526 1779; x_wconf 84' lang='lat' dir='ltr'><strong>esset,</strong></span> <span class='ocrx_word' id='word_1_269' title='bbox 1564 1732 1641 1781; x_wconf 90' lang='lat' dir='ltr'><strong>(cp.</strong></span> <span class='ocrx_word' id='word_1_270' title='bbox 1675 1733 1739 1779; x_wconf 86' lang='lat'><strong>34,</strong></span> <span class='ocrx_word' id='word_1_271' title='bbox 1780 1735 1799 1770; x_wconf 94' lang='lat'>1</span> <span class='ocrx_word' id='word_1_272' title='bbox 1832 1733 1909 1780; x_wconf 86' lang='lat' dir='ltr'><strong>sq.)</strong></span> <span class='ocrx_word' id='word_1_273' title='bbox 1944 1742 2022 1771; x_wconf 92' lang='lat' dir='ltr'><strong>non</strong></span> <span class='ocrx_word' id='word_1_274' title='bbox 2058 1730 2250 1774; x_wconf 74' lang='lat' dir='ltr'><strong>dixisset:</strong></span> <span class='ocrx_word' id='word_1_275' title='bbox 2289 1731 2437 1783; x_wconf 71' lang='lat' dir='ltr'><strong>„Apud</strong></span> 
     </span>
    </p>
   </div>
   <div class='ocr_carea' id='block_1_11' title="bbox 162 1790 2463 1850">
    <p class='ocr_par' dir='ltr' id='par_1_11' title="bbox 162 1790 2463 1850">
     <span class='ocr_line' id='line_1_24' title="bbox 162 1790 2463 1850; baseline 0.001 -11"><span class='ocrx_word' id='word_1_276' title='bbox 162 1798 338 1840; x_wconf 88' lang='lat' dir='ltr'><strong>maiores</strong></span> <span class='ocrx_word' id='word_1_277' title='bbox 358 1802 518 1839; x_wconf 88' lang='lat' dir='ltr'><strong>nostros</strong></span> <span class='ocrx_word' id='word_1_278' title='bbox 546 1797 705 1838; x_wconf 87' lang='lat' dir='ltr'><strong>iuvenis</strong></span> <span class='ocrx_word' id='word_1_279' title='bbox 734 1798 814 1846; x_wconf 90' lang='lat' dir='ltr'><strong>ille,</strong></span> <span class='ocrx_word' id='word_1_280' title='bbox 846 1796 915 1847; x_wconf 90' lang='lat' dir='ltr'><strong>qui</strong></span> <span class='ocrx_word' id='word_1_281' title='bbox 943 1797 1031 1837; x_wconf 87' lang='lat' dir='ltr'><strong>foro</strong></span> <span class='ocrx_word' id='word_1_282' title='bbox 1061 1801 1102 1837; x_wconf 90' lang='lat' dir='ltr'><strong>et</strong></span> <span class='ocrx_word' id='word_1_283' title='bbox 1121 1798 1375 1847; x_wconf 86' lang='lat' dir='ltr'><strong>eloquentiae</strong></span> <span class='ocrx_word' id='word_1_284' title='bbox 1395 1800 1629 1848; x_wconf 85' lang='lat' dir='ltr'><strong>parabatur,</strong></span> <span class='ocrx_word' id='word_1_285' title='bbox 1660 1799 1836 1837; x_wconf 87' lang='lat' dir='ltr'><strong>imbutus</strong></span> <span class='ocrx_word' id='word_1_286' title='bbox 1866 1799 1944 1838; x_wconf 88' lang='lat' dir='ltr'><strong>iam</strong></span> <span class='ocrx_word' id='word_1_287' title='bbox 1965 1797 2189 1840; x_wconf 79' lang='lat' dir='ltr'><strong>domestiea</strong></span> <span class='ocrx_word' id='word_1_288' title='bbox 2200 1797 2434 1850; x_wconf 74' lang='lat' dir='ltr'><strong>disciplina,</strong></span> <span class='ocrx_word' id='word_1_289' title='bbox 2454 1790 2463 1798; x_wconf 59' lang='grc'><strong>”</strong></span> 
     </span>
    </p>
   </div>
   <div class='ocr_carea' id='block_1_12' title="bbox 107 1862 2443 2454">
    <p class='ocr_par' dir='ltr' id='par_1_12' title="bbox 107 1862 2443 2454">
     <span class='ocr_line' id='line_1_25' title="bbox 159 1862 2435 1924; baseline 0.001 -17"><span class='ocrx_word' id='word_1_290' title='bbox 159 1866 336 1907; x_wconf 87' lang='lat' dir='ltr'><strong>refertus</strong></span> <span class='ocrx_word' id='word_1_291' title='bbox 367 1866 548 1917; x_wconf 86' lang='lat' dir='ltr'><strong>honestis</strong></span> <span class='ocrx_word' id='word_1_292' title='bbox 578 1865 736 1913; x_wconf 87' lang='lat' dir='ltr'><strong>studiis,</strong></span> <span class='ocrx_word' id='word_1_293' title='bbox 769 1865 1044 1905; x_wconf 88' lang='lat' dir='ltr'><strong>deducebatur</strong></span> <span class='ocrx_word' id='word_1_294' title='bbox 1070 1877 1094 1904; x_wconf 91' lang='lat' dir='ltr'><strong>a</strong></span> <span class='ocrx_word' id='word_1_295' title='bbox 1120 1869 1237 1915; x_wconf 89' lang='lat' dir='ltr'><strong>patre</strong></span> <span class='ocrx_word' id='word_1_296' title='bbox 1258 1866 1324 1906; x_wconf 88' lang='lat' dir='ltr'><strong>vel</strong></span> <span class='ocrx_word' id='word_1_297' title='bbox 1350 1878 1375 1906; x_wconf 86' lang='lat' dir='ltr'><strong>a</strong></span> <span class='ocrx_word' id='word_1_298' title='bbox 1402 1865 1635 1916; x_wconf 86' lang='lat' dir='ltr'><strong>propinquis</strong></span> <span class='ocrx_word' id='word_1_299' title='bbox 1664 1864 1714 1904; x_wconf 84' lang='lat' dir='ltr'><strong>ad</strong></span> <span class='ocrx_word' id='word_1_300' title='bbox 1746 1877 1834 1906; x_wconf 92' lang='lat' dir='ltr'><strong>eum</strong></span> <span class='ocrx_word' id='word_1_301' title='bbox 1866 1869 2086 1915; x_wconf 85' lang='lat' dir='ltr'><strong>oratorem,</strong></span> <span class='ocrx_word' id='word_1_302' title='bbox 2112 1862 2183 1917; x_wconf 73' lang='lat' dir='ltr'><strong>qui</strong></span> <span class='ocrx_word' id='word_1_303' title='bbox 2211 1865 2435 1924; x_wconf 69' lang='lat' dir='ltr'><strong>prinoipem</strong></span> 
     </span>
     <span class='ocr_line' id='line_1_26' title="bbox 160 1932 2436 1987; baseline 0 -12"><span class='ocrx_word' id='word_1_304' title='bbox 160 1935 201 1974; x_wconf 89' lang='lat' dir='ltr'><strong>in</strong></span> <span class='ocrx_word' id='word_1_305' title='bbox 233 1933 402 1975; x_wconf 85' lang='lat' dir='ltr'><strong>civitate</strong></span> <span class='ocrx_word' id='word_1_306' title='bbox 430 1933 559 1974; x_wconf 92' lang='lat' dir='ltr'><strong>locum</strong></span> <span class='ocrx_word' id='word_1_307' title='bbox 590 1933 810 1974; x_wconf 86' lang='lat' dir='ltr'><strong>obtinebat.</strong></span> <span class='ocrx_word' id='word_1_308' title='bbox 869 1933 988 1973; x_wconf 88' lang='lat' dir='ltr'><strong>Hunc</strong></span> <span class='ocrx_word' id='word_1_309' title='bbox 1017 1932 1175 1981; x_wconf 78' lang='lat' dir='ltr'><strong>sectari,</strong></span> <span class='ocrx_word' id='word_1_310' title='bbox 1214 1933 1318 1974; x_wconf 89' lang='lat' dir='ltr'><strong>hunc</strong></span> <span class='ocrx_word' id='word_1_311' title='bbox 1347 1932 1547 1984; x_wconf 87' lang='lat' dir='ltr'><strong>prosequi,</strong></span> <span class='ocrx_word' id='word_1_312' title='bbox 1586 1933 1705 1973; x_wconf 90' lang='lat' dir='ltr'><strong>huius</strong></span> <span class='ocrx_word' id='word_1_313' title='bbox 1742 1933 1925 1977; x_wconf 84' lang='lat' dir='ltr'><strong>omnibus</strong></span> <span class='ocrx_word' id='word_1_314' title='bbox 1960 1932 2209 1987; x_wconf 74' lang='lat' dir='ltr'><strong>dictionibus</strong></span> <span class='ocrx_word' id='word_1_315' title='bbox 2235 1934 2436 1977; x_wconf 74' lang='lat' dir='ltr'><strong>iuteresse</strong></span> 
     </span>
     <span class='ocr_line' id='line_1_27' title="bbox 158 1999 2436 2053; baseline 0 -11"><span class='ocrx_word' id='word_1_316' title='bbox 158 2001 247 2042; x_wconf 85' lang='lat' dir='ltr'><strong>sive</strong></span> <span class='ocrx_word' id='word_1_317' title='bbox 276 2000 319 2041; x_wconf 91' lang='lat' dir='ltr'><strong>in</strong></span> <span class='ocrx_word' id='word_1_318' title='bbox 349 2000 509 2042; x_wconf 89' lang='lat' dir='ltr'><strong>iudiciis</strong></span> <span class='ocrx_word' id='word_1_319' title='bbox 539 2001 625 2041; x_wconf 88' lang='lat' dir='ltr'><strong>sive</strong></span> <span class='ocrx_word' id='word_1_320' title='bbox 656 2000 695 2040; x_wconf 89' lang='lat' dir='ltr'><strong>in</strong></span> <span class='ocrx_word' id='word_1_321' title='bbox 726 1999 978 2040; x_wconf 87' lang='lat' dir='ltr'><strong>contionibus</strong></span> <span class='ocrx_word' id='word_1_322' title='bbox 1008 2001 1270 2040; x_wconf 82' lang='lat' dir='ltr'><strong>assuescebat</strong></span> <span class='ocrx_word' id='word_1_323' title='bbox 1298 2001 1368 2049; x_wconf 84' lang='lat' dir='ltr'><strong>ita,</strong></span> <span class='ocrx_word' id='word_1_324' title='bbox 1405 2005 1451 2040; x_wconf 85' lang='lat' dir='ltr'><strong>ut</strong></span> <span class='ocrx_word' id='word_1_325' title='bbox 1481 2001 1767 2040; x_wconf 88' lang='lat' dir='ltr'><strong>altercationes</strong></span> <span class='ocrx_word' id='word_1_326' title='bbox 1797 2011 1954 2050; x_wconf 89' lang='lat' dir='ltr'><strong>quoque</strong></span> <span class='ocrx_word' id='word_1_327' title='bbox 1983 2000 2192 2051; x_wconf 70' lang='lat' dir='ltr'><strong>exciperet</strong></span> <span class='ocrx_word' id='word_1_328' title='bbox 2219 2006 2263 2041; x_wconf 87' lang='lat' dir='ltr'><strong>et</strong></span> <span class='ocrx_word' id='word_1_329' title='bbox 2291 2000 2436 2053; x_wconf 74' lang='lat' dir='ltr'><strong>iurgiis</strong></span> 
     </span>
     <span class='ocr_line' id='line_1_28' title="bbox 163 2057 2438 2122; baseline 0.001 -14"><span class='ocrx_word' id='word_1_330' title='bbox 163 2069 386 2109; x_wconf 86' lang='lat' dir='ltr'><strong>interesset</strong></span> <span class='ocrx_word' id='word_1_331' title='bbox 423 2072 553 2118; x_wconf 86' lang='lat' dir='ltr'><strong>utque</strong></span> <span class='ocrx_word' id='word_1_332' title='bbox 598 2068 655 2107; x_wconf 90' lang='lat' dir='ltr'><strong>sic</strong></span> <span class='ocrx_word' id='word_1_333' title='bbox 699 2067 880 2115; x_wconf 84' lang='lat' dir='ltr'><strong>dixerim,</strong></span> <span class='ocrx_word' id='word_1_334' title='bbox 925 2079 1107 2117; x_wconf 87' lang='lat' dir='ltr'><strong>pugnare</strong></span> <span class='ocrx_word' id='word_1_335' title='bbox 1142 2067 1183 2107; x_wconf 86' lang='lat' dir='ltr'><strong>in</strong></span> <span class='ocrx_word' id='word_1_336' title='bbox 1226 2067 1376 2117; x_wconf 90' lang='lat' dir='ltr'><strong>proelio</strong></span> <span class='ocrx_word' id='word_1_337' title='bbox 1420 2067 1606 2108; x_wconf 87' lang='lat' dir='ltr'><strong>disceret.</strong></span> <span class='ocrx_word' id='word_1_338' title='bbox 1681 2067 1855 2118; x_wconf 82' lang='lat' dir='ltr'><strong>Magnus</strong></span> <span class='ocrx_word' id='word_1_339' title='bbox 1903 2080 1955 2108; x_wconf 82' lang='lat' dir='ltr'><strong>ex</strong></span> <span class='ocrx_word' id='word_1_340' title='bbox 1997 2068 2083 2122; x_wconf 76' lang='lat' dir='ltr'><strong>hoo</strong></span> <span class='ocrx_word' id='word_1_341' title='bbox 2114 2057 2224 2119; x_wconf 77' lang='lat' dir='ltr'><strong>usus,</strong></span> <span class='ocrx_word' id='word_1_342' title='bbox 2268 2068 2438 2119; x_wconf 78' lang='lat' dir='ltr'><strong>multum</strong></span> 
     </span>
     <span class='ocr_line' id='line_1_29' title="bbox 162 2134 2441 2187; baseline 0.001 -13"><span class='ocrx_word' id='word_1_343' title='bbox 162 2136 434 2185; x_wconf 76' lang='lat' dir='ltr'><strong>constantiae,</strong></span> <span class='ocrx_word' id='word_1_344' title='bbox 464 2135 676 2186; x_wconf 89' lang='lat' dir='ltr'><strong>plurimum</strong></span> <span class='ocrx_word' id='word_1_345' title='bbox 709 2134 845 2174; x_wconf 87' lang='lat' dir='ltr'><strong>iudicii</strong></span> <span class='ocrx_word' id='word_1_346' title='bbox 866 2134 1078 2175; x_wconf 87' lang='lat' dir='ltr'><strong>iuvenibus</strong></span> <span class='ocrx_word' id='word_1_347' title='bbox 1107 2135 1245 2175; x_wconf 85' lang='lat' dir='ltr'><strong>statim</strong></span> <span class='ocrx_word' id='word_1_348' title='bbox 1277 2134 1539 2186; x_wconf 87' lang='lat' dir='ltr'><strong>contingebat</strong></span> <span class='ocrx_word' id='word_1_349' title='bbox 1568 2134 1608 2174; x_wconf 89' lang='lat' dir='ltr'><strong>in</strong></span> <span class='ocrx_word' id='word_1_350' title='bbox 1639 2134 1772 2174; x_wconf 85' lang='lat' dir='ltr'><strong>media</strong></span> <span class='ocrx_word' id='word_1_351' title='bbox 1799 2135 1889 2175; x_wconf 89' lang='lat' dir='ltr'><strong>luce</strong></span> <span class='ocrx_word' id='word_1_352' title='bbox 1918 2134 2192 2186; x_wconf 70' lang='lat' dir='ltr'><strong>studentibus.</strong></span> <span class='ocrx_word' id='word_1_353' title='bbox 2220 2157 2276 2164; x_wconf 90' lang='lat'><strong>—</strong></span> <span class='ocrx_word' id='word_1_354' title='bbox 2304 2135 2441 2187; x_wconf 82' lang='lat' dir='ltr'><strong>Igitur</strong></span> 
     </span>
     <span class='ocr_line' id='line_1_30' title="bbox 162 2196 2440 2257; baseline 0 -14"><span class='ocrx_word' id='word_1_355' title='bbox 162 2214 260 2243; x_wconf 86' lang='lat' dir='ltr'><strong>vera</strong></span> <span class='ocrx_word' id='word_1_356' title='bbox 291 2202 431 2243; x_wconf 81' lang='lat' dir='ltr'><strong>statim</strong></span> <span class='ocrx_word' id='word_1_357' title='bbox 462 2206 504 2243; x_wconf 90' lang='lat' dir='ltr'><strong>et</strong></span> <span class='ocrx_word' id='word_1_358' title='bbox 532 2201 766 2252; x_wconf 80' lang='lat' dir='ltr'><strong>incorrupta</strong></span> <span class='ocrx_word' id='word_1_359' title='bbox 796 2200 1027 2251; x_wconf 83' lang='lat' dir='ltr'><strong>eloquentia</strong></span> <span class='ocrx_word' id='word_1_360' title='bbox 1055 2201 1338 2241; x_wconf 86' lang='lat' dir='ltr'><strong>imbuebantur</strong></span> <span class='ocrx_word' id='word_1_361' title='bbox 1364 2206 1406 2240; x_wconf 90' lang='lat' dir='ltr'><strong>et</strong></span> <span class='ocrx_word' id='word_1_362' title='bbox 1425 2213 1663 2250; x_wconf 85' lang='lat' dir='ltr'><strong>quamquam</strong></span> <span class='ocrx_word' id='word_1_363' title='bbox 1695 2196 2114 2257; x_wconf 8' lang='lat' dir='ltr'><strong>unumpsequerenmr,</strong></span> <span class='ocrx_word' id='word_1_364' title='bbox 2143 2206 2282 2252; x_wconf 68' lang='lat' dir='ltr'><strong>tmen</strong></span> <span class='ocrx_word' id='word_1_365' title='bbox 2300 2214 2440 2244; x_wconf 84' lang='lat' dir='ltr'><strong>omnes</strong></span> 
     </span>
     <span class='ocr_line' id='line_1_31' title="bbox 107 2267 2443 2319; baseline 0.001 -11"><span class='ocrx_word' id='word_1_366' title='bbox 107 2274 112 2278; x_wconf 77' lang='grc'><strong>“</strong></span> <span class='ocrx_word' id='word_1_367' title='bbox 162 2269 343 2309; x_wconf 89' lang='lat' dir='ltr'><strong>eiusdem</strong></span> <span class='ocrx_word' id='word_1_368' title='bbox 385 2268 536 2308; x_wconf 87' lang='lat' dir='ltr'><strong>aetatis</strong></span> <span class='ocrx_word' id='word_1_369' title='bbox 574 2272 765 2319; x_wconf 87' lang='lat' dir='ltr'><strong>patronos</strong></span> <span class='ocrx_word' id='word_1_370' title='bbox 800 2268 843 2307; x_wconf 89' lang='lat' dir='ltr'><strong>in</strong></span> <span class='ocrx_word' id='word_1_371' title='bbox 878 2268 1062 2317; x_wconf 88' lang='lat' dir='ltr'><strong>plurimis</strong></span> <span class='ocrx_word' id='word_1_372' title='bbox 1097 2272 1139 2307; x_wconf 91' lang='lat' dir='ltr'><strong>et</strong></span> <span class='ocrx_word' id='word_1_373' title='bbox 1174 2268 1307 2307; x_wconf 88' lang='lat' dir='ltr'><strong>causis</strong></span> <span class='ocrx_word' id='word_1_374' title='bbox 1343 2272 1384 2307; x_wconf 91' lang='lat' dir='ltr'><strong>et</strong></span> <span class='ocrx_word' id='word_1_375' title='bbox 1419 2267 1578 2308; x_wconf 89' lang='lat' dir='ltr'><strong>iudiciis</strong></span> <span class='ocrx_word' id='word_1_376' title='bbox 1617 2268 1918 2318; x_wconf 84' lang='lat' dir='ltr'><strong>cognoscebant</strong></span> <span class='ocrx_word' id='word_1_377' title='bbox 1946 2272 1996 2310; x_wconf 83' lang='lat' dir='ltr'><strong>et</strong></span> <span class='ocrx_word' id='word_1_378' title='bbox 2030 2268 2131 2319; x_wconf 78' lang='lat' dir='ltr'><strong>q.S.“</strong></span> <span class='ocrx_word' id='word_1_379' title='bbox 2194 2267 2277 2311; x_wconf 84' lang='lat' dir='ltr'><strong>Sed</strong></span> <span class='ocrx_word' id='word_1_380' title='bbox 2311 2268 2443 2311; x_wconf 78' lang='lat' dir='ltr'><strong>conici·</strong></span> 
     </span>
     <span class='ocr_line' id='line_1_32' title="bbox 164 2332 2438 2387; baseline 0 -11"><span class='ocrx_word' id='word_1_381' title='bbox 164 2335 262 2376; x_wconf 90' lang='lat' dir='ltr'><strong>licet</strong></span> <span class='ocrx_word' id='word_1_382' title='bbox 289 2332 362 2376; x_wconf 72' lang='lat' dir='ltr'><strong>&#39;his</strong></span> <span class='ocrx_word' id='word_1_383' title='bbox 400 2335 501 2387; x_wconf 89' lang='lat' dir='ltr'><strong>ipsis</strong></span> <span class='ocrx_word' id='word_1_384' title='bbox 535 2335 773 2375; x_wconf 89' lang='lat' dir='ltr'><strong>nobilissimi</strong></span> <span class='ocrx_word' id='word_1_385' title='bbox 808 2334 887 2375; x_wconf 89' lang='lat' dir='ltr'><strong>viri</strong></span> <span class='ocrx_word' id='word_1_386' title='bbox 922 2334 1158 2375; x_wconf 87' lang='lat' dir='ltr'><strong>consularis·</strong></span> <span class='ocrx_word' id='word_1_387' title='bbox 1181 2334 1316 2374; x_wconf 90' lang='lat' dir='ltr'><strong>verbis</strong></span> <span class='ocrx_word' id='word_1_388' title='bbox 1351 2339 1566 2375; x_wconf 89' lang='lat' dir='ltr'><strong>commotos</strong></span> <span class='ocrx_word' id='word_1_389' title='bbox 1608 2334 1758 2375; x_wconf 87' lang='lat' dir='ltr'><strong>multos</strong></span> <span class='ocrx_word' id='word_1_390' title='bbox 1797 2333 1909 2375; x_wconf 85' lang='lat' dir='ltr'><strong>cives</strong></span> <span class='ocrx_word' id='word_1_391' title='bbox 1948 2334 2130 2387; x_wconf 83' lang='lat' dir='ltr'><strong>insignes</strong></span> <span class='ocrx_word' id='word_1_392' title='bbox 2164 2335 2218 2376; x_wconf 86' lang='lat' dir='ltr'><strong>ad</strong></span> <span class='ocrx_word' id='word_1_393' title='bbox 2252 2335 2438 2376; x_wconf 83' lang='lat' dir='ltr'><strong>Tacit-um</strong></span> 
     </span>
     <span class='ocr_line' id='line_1_33' title="bbox 158 2392 2437 2454; baseline -0 -10"><span class='ocrx_word' id='word_1_394' title='bbox 158 2402 263 2443; x_wconf 86' lang='lat' dir='ltr'><strong>filios</strong></span> <span class='ocrx_word' id='word_1_395' title='bbox 300 2402 472 2453; x_wconf 90' lang='lat' dir='ltr'><strong>misisse,</strong></span> <span class='ocrx_word' id='word_1_396' title='bbox 512 2406 558 2443; x_wconf 92' lang='lat' dir='ltr'><strong>ut</strong></span> <span class='ocrx_word' id='word_1_397' title='bbox 586 2402 638 2443; x_wconf 87' lang='lat' dir='ltr'><strong>ab</strong></span> <span class='ocrx_word' id='word_1_398' title='bbox 674 2402 824 2454; x_wconf 90' lang='lat' dir='ltr'><strong>optimo</strong></span> <span class='ocrx_word' id='word_1_399' title='bbox 862 2406 1022 2442; x_wconf 88' lang='lat' dir='ltr'><strong>oratore</strong></span> <span class='ocrx_word' id='word_1_400' title='bbox 1059 2405 1102 2441; x_wconf 89' lang='lat' dir='ltr'><strong>et</strong></span> <span class='ocrx_word' id='word_1_401' title='bbox 1136 2401 1380 2442; x_wconf 83' lang='lat' dir='ltr'><strong>electissimo</strong></span> <span class='ocrx_word' id='word_1_402' title='bbox 1415 2392 1679 2452; x_wconf 80' lang='lat' dir='ltr'><strong>praeceptore</strong></span> <span class='ocrx_word' id='word_1_403' title='bbox 1715 2414 1814 2442; x_wconf 79' lang='lat' dir='ltr'><strong>vera</strong></span> <span class='ocrx_word' id='word_1_404' title='bbox 1848 2402 2163 2444; x_wconf 83' lang='lat' dir='ltr'><strong>instituerent-ur</strong></span> <span class='ocrx_word' id='word_1_405' title='bbox 2196 2403 2437 2453; x_wconf 84' lang='lat' dir='ltr'><strong>eloquentia,</strong></span> 
     </span>
    </p>
   </div>
   <div class='ocr_carea' id='block_1_13' title="bbox 159 2464 2547 2657">
    <p class='ocr_par' dir='ltr' id='par_1_13' title="bbox 159 2454 2547 2657">
     <span class='ocr_line' id='line_1_34' title="bbox 159 2464 2489 2521; baseline 0.001 -12"><span class='ocrx_word' id='word_1_406' title='bbox 159 2470 494 2519; x_wconf 84' lang='lat' dir='ltr'><strong>quemadmodum</strong></span> <span class='ocrx_word' id='word_1_407' title='bbox 527 2469 634 2520; x_wconf 85' lang='lat' dir='ltr'><strong>apud</strong></span> <span class='ocrx_word' id='word_1_408' title='bbox 664 2464 836 2509; x_wconf 85' lang='lat' dir='ltr'><strong>maiores</strong></span> <span class='ocrx_word' id='word_1_409' title='bbox 870 2469 990 2508; x_wconf 88' lang='lat' dir='ltr'><strong>moris</strong></span> <span class='ocrx_word' id='word_1_410' title='bbox 1017 2468 1172 2508; x_wconf 89' lang='lat' dir='ltr'><strong>fuisset.</strong></span> <span class='ocrx_word' id='word_1_411' title='bbox 1232 2468 1358 2519; x_wconf 83' lang='lat' dir='ltr'><strong>Quem</strong></span> <span class='ocrx_word' id='word_1_412' title='bbox 1380 2468 1540 2519; x_wconf 85' lang='lat' dir='ltr'><strong>quidem</strong></span> <span class='ocrx_word' id='word_1_413' title='bbox 1562 2469 1820 2521; x_wconf 86' lang='lat' dir='ltr'><strong>antiquorum</strong></span> <span class='ocrx_word' id='word_1_414' title='bbox 1837 2481 1989 2511; x_wconf 89' lang='lat' dir='ltr'><strong>morem</strong></span> <span class='ocrx_word' id='word_1_415' title='bbox 2005 2469 2173 2511; x_wconf 84' lang='lat' dir='ltr'><strong>Traiani</strong></span> <span class='ocrx_word' id='word_1_416' title='bbox 2191 2470 2438 2521; x_wconf 83' lang='lat' dir='ltr'><strong>temporibus</strong></span> <span class='ocrx_word' id='word_1_417' title='bbox 2482 2484 2489 2503; x_wconf 59' lang='grc'><strong>’-</strong></span> 
     </span>
     <span class='ocr_line' id='line_1_35' title="bbox 161 2535 2547 2586; baseline -0 -10"><span class='ocrx_word' id='word_1_418' title='bbox 161 2536 300 2586; x_wconf 90' lang='lat' dir='ltr'><strong>plures</strong></span> <span class='ocrx_word' id='word_1_419' title='bbox 328 2537 452 2581; x_wconf 85' lang='lat' dir='ltr'><strong>etiam</strong></span> <span class='ocrx_word' id='word_1_420' title='bbox 482 2541 643 2578; x_wconf 89' lang='lat' dir='ltr'><strong>secutos</strong></span> <span class='ocrx_word' id='word_1_421' title='bbox 674 2549 763 2577; x_wconf 89' lang='lat' dir='ltr'><strong>esse</strong></span> <span class='ocrx_word' id='word_1_422' title='bbox 793 2539 964 2583; x_wconf 88' lang='lat' dir='ltr'><strong>constat,</strong></span> <span class='ocrx_word' id='word_1_423' title='bbox 1006 2548 1094 2576; x_wconf 90' lang='lat' dir='ltr'><strong>cum</strong></span> <span class='ocrx_word' id='word_1_424' title='bbox 1124 2535 1281 2576; x_wconf 90' lang='lat' dir='ltr'><strong>Plinius</strong></span> <span class='ocrx_word' id='word_1_425' title='bbox 1311 2535 1382 2584; x_wconf 87' lang='lat' dir='ltr'><strong>VI,</strong></span> <span class='ocrx_word' id='word_1_426' title='bbox 1418 2538 1466 2576; x_wconf 91' lang='lat'><strong>11</strong></span> <span class='ocrx_word' id='word_1_427' title='bbox 1505 2535 1726 2586; x_wconf 88' lang='lat' dir='ltr'><strong>discipulos</strong></span> <span class='ocrx_word' id='word_1_428' title='bbox 1762 2548 1860 2583; x_wconf 85' lang='lat' dir='ltr'><strong>suos</strong></span> <span class='ocrx_word' id='word_1_429' title='bbox 1888 2537 2062 2579; x_wconf 80' lang='lat' dir='ltr'><strong>Fuscum</strong></span> <span class='ocrx_word' id='word_1_430' title='bbox 2094 2536 2361 2578; x_wconf 83' lang='lat' dir='ltr'><strong>Salinatorem</strong></span> <span class='ocrx_word' id='word_1_431' title='bbox 2396 2540 2440 2578; x_wconf 91' lang='lat' dir='ltr'><strong>et</strong></span> <span class='ocrx_word' id='word_1_432' title='bbox 2482 2568 2497 2583; x_wconf 65' lang='lat'><em>„</em></span> <span class='ocrx_word' id='word_1_433' title='bbox 2529 2538 2547 2574; x_wconf 62' lang='grc' dir='ltr'>ᾗ</span> 
     </span>
     <span class='ocr_line' id='line_1_36' title="bbox 163 2602 2513 2657; baseline 0.001 -14"><span class='ocrx_word' id='word_1_434' title='bbox 163 2603 409 2645; x_wconf 89' lang='lat' dir='ltr'><strong>Ummidium</strong></span> <span class='ocrx_word' id='word_1_435' title='bbox 439 2604 691 2657; x_wconf 82' lang='lat' dir='ltr'><strong>Quadratum</strong></span> <span class='ocrx_word' id='word_1_436' title='bbox 720 2615 867 2654; x_wconf 86' lang='lat' dir='ltr'><strong>magno</strong></span> <span class='ocrx_word' id='word_1_437' title='bbox 903 2615 990 2643; x_wconf 90' lang='lat' dir='ltr'><strong>cum</strong></span> <span class='ocrx_word' id='word_1_438' title='bbox 1019 2652 1022 2654; x_wconf 6' lang='grc' dir='ltr'>μ</span> <span class='ocrx_word' id='word_1_439' title='bbox 1030 2602 1177 2653; x_wconf 86' lang='lat' dir='ltr'><strong>gaudio</strong></span> <span class='ocrx_word' id='word_1_440' title='bbox 1213 2607 1256 2643; x_wconf 90' lang='lat' dir='ltr'><strong>et</strong></span> <span class='ocrx_word' id='word_1_441' title='bbox 1295 2602 1435 2643; x_wconf 85' lang='lat' dir='ltr'><strong>audiat</strong></span> <span class='ocrx_word' id='word_1_442' title='bbox 1470 2607 1513 2644; x_wconf 91' lang='lat' dir='ltr'><strong>et</strong></span> <span class='ocrx_word' id='word_1_443' title='bbox 1541 2603 1693 2653; x_wconf 87' lang='lat' dir='ltr'><strong>laudet,</strong></span> <span class='ocrx_word' id='word_1_444' title='bbox 1731 2603 1880 2655; x_wconf 89' lang='lat' dir='ltr'><strong>quippe</strong></span> <span class='ocrx_word' id='word_1_445' title='bbox 1913 2604 1983 2654; x_wconf 90' lang='lat' dir='ltr'><strong>qui</strong></span> <span class='ocrx_word' id='word_1_446' title='bbox 2016 2616 2043 2645; x_wconf 84' lang='lat' dir='ltr'><strong>a</strong></span> <span class='ocrx_word' id='word_1_447' title='bbox 2077 2616 2123 2645; x_wconf 87' lang='lat' dir='ltr'><strong>se</strong></span> <span class='ocrx_word' id='word_1_448' title='bbox 2156 2604 2305 2645; x_wconf 88' lang='lat' dir='ltr'><strong>eruditi</strong></span> <span class='ocrx_word' id='word_1_449' title='bbox 2340 2615 2440 2645; x_wconf 87' lang='lat' dir='ltr'><strong>suae</strong></span> <span class='ocrx_word' id='word_1_450' title='bbox 2508 2623 2513 2625; x_wconf 92' lang='lat'>·</span> 
     </span>
    </p>
   </div>
   <div class='ocr_carea' id='block_1_14' title="bbox 164 2669 2443 2731">
    <p class='ocr_par' dir='ltr' id='par_1_14' title="bbox 164 2669 2443 2731">
     <span class='ocr_line' id='line_1_37' title="bbox 164 2669 2443 2731; baseline 0.001 -21"><span class='ocrx_word' id='word_1_451' title='bbox 164 2670 425 2721; x_wconf 85' lang='lat' dir='ltr'><strong>eloquentiae</strong></span> <span class='ocrx_word' id='word_1_452' title='bbox 445 2670 636 2722; x_wconf 87' lang='lat' dir='ltr'><strong>vestigiis</strong></span> <span class='ocrx_word' id='word_1_453' title='bbox 665 2670 820 2712; x_wconf 84' lang='lat' dir='ltr'><strong>instare</strong></span> <span class='ocrx_word' id='word_1_454' title='bbox 850 2673 893 2710; x_wconf 92' lang='lat' dir='ltr'><strong>et</strong></span> <span class='ocrx_word' id='word_1_455' title='bbox 920 2669 1167 2721; x_wconf 87' lang='lat' dir='ltr'><strong>temporibus</strong></span> <span class='ocrx_word' id='word_1_456' title='bbox 1197 2673 1239 2710; x_wconf 92' lang='lat' dir='ltr'><strong>et</strong></span> <span class='ocrx_word' id='word_1_457' title='bbox 1268 2669 1419 2710; x_wconf 87' lang='lat' dir='ltr'><strong>litteris</strong></span> <span class='ocrx_word' id='word_1_458' title='bbox 1438 2675 1674 2714; x_wconf 83' lang='lat' dir='ltr'><strong>ornamento</strong></span> <span class='ocrx_word' id='word_1_459' title='bbox 1704 2670 1832 2712; x_wconf 87' lang='lat' dir='ltr'><strong>futuri</strong></span> <span class='ocrx_word' id='word_1_460' title='bbox 1855 2682 1949 2712; x_wconf 86' lang='grc'>0880</span> <span class='ocrx_word' id='word_1_461' title='bbox 1966 2671 2193 2712; x_wconf 83' lang='lat' dir='ltr'><strong>videantur.</strong></span> <span class='ocrx_word' id='word_1_462' title='bbox 2251 2671 2443 2731; x_wconf 79' lang='lat' dir='ltr'><strong>Ceterum</strong></span> 
     </span>
    </p>
   </div>
   <div class='ocr_carea' id='block_1_15' title="bbox 166 2735 2555 2995">
    <p class='ocr_par' dir='ltr' id='par_1_15' title="bbox 166 2735 2555 2991">
     <span class='ocr_line' id='line_1_38' title="bbox 167 2735 2555 2795; baseline 0.001 -18"><span class='ocrx_word' id='word_1_463' title='bbox 167 2735 398 2779; x_wconf 82' lang='lat' dir='ltr'><strong>Ummidius</strong></span> <span class='ocrx_word' id='word_1_464' title='bbox 427 2737 590 2790; x_wconf 89' lang='lat' dir='ltr'><strong>quidem</strong></span> <span class='ocrx_word' id='word_1_465' title='bbox 610 2737 845 2790; x_wconf 83' lang='lat' dir='ltr'><strong>Quadratus</strong></span> <span class='ocrx_word' id='word_1_466' title='bbox 874 2736 1060 2788; x_wconf 82' lang='lat' dir='ltr'><strong>magistri</strong></span> <span class='ocrx_word' id='word_1_467' title='bbox 1081 2749 1190 2788; x_wconf 90' lang='lat' dir='ltr'><strong>spem</strong></span> <span class='ocrx_word' id='word_1_468' title='bbox 1222 2749 1301 2777; x_wconf 88' lang='lat' dir='ltr'><strong>non</strong></span> <span class='ocrx_word' id='word_1_469' title='bbox 1321 2737 1469 2778; x_wconf 86' lang='lat' dir='ltr'><strong>fefellit</strong></span> <span class='ocrx_word' id='word_1_470' title='bbox 1496 2736 1567 2788; x_wconf 86' lang='lat' dir='ltr'><strong>(cf.</strong></span> <span class='ocrx_word' id='word_1_471' title='bbox 1588 2737 1697 2778; x_wconf 90' lang='lat' dir='ltr'><strong>Aelii</strong></span> <span class='ocrx_word' id='word_1_472' title='bbox 1712 2737 1924 2789; x_wconf 82' lang='lat' dir='ltr'><strong>Spartiani</strong></span> <span class='ocrx_word' id='word_1_473' title='bbox 1943 2737 2193 2779; x_wconf 80' lang='lat' dir='ltr'><strong>Hadrianum</strong></span> <span class='ocrx_word' id='word_1_474' title='bbox 2223 2749 2283 2788; x_wconf 86' lang='lat' dir='ltr'><strong>cp.</strong></span> <span class='ocrx_word' id='word_1_475' title='bbox 2309 2741 2373 2787; x_wconf 82' lang='grc'><strong>15,</strong></span> <span class='ocrx_word' id='word_1_476' title='bbox 2394 2741 2439 2792; x_wconf 67' lang='lat'><strong>73</strong></span> <span class='ocrx_word' id='word_1_477' title='bbox 2464 2755 2467 2757; x_wconf 51' lang='lat'>&gt;</span> <span class='ocrx_word' id='word_1_478' title='bbox 2530 2760 2555 2795; x_wconf 57' lang='lat' dir='ltr'><strong>g.</strong></span> 
     </span>
     <span class='ocr_line' id='line_1_39' title="bbox 167 2801 2528 2858; baseline 0.003 -16"><span class='ocrx_word' id='word_1_479' title='bbox 167 2803 354 2854; x_wconf 87' lang='lat' dir='ltr'><strong>scriptor.</strong></span> <span class='ocrx_word' id='word_1_480' title='bbox 385 2804 481 2846; x_wconf 88' lang='lat' dir='ltr'><strong>hist.</strong></span> <span class='ocrx_word' id='word_1_481' title='bbox 512 2805 689 2856; x_wconf 87' lang='lat' dir='ltr'><strong>August.</strong></span> <span class='ocrx_word' id='word_1_482' title='bbox 720 2805 780 2845; x_wconf 90' lang='lat' dir='ltr'><strong>ed.</strong></span> <span class='ocrx_word' id='word_1_483' title='bbox 812 2804 937 2844; x_wconf 83' lang='lat' dir='ltr'><strong>Peter</strong></span> <span class='ocrx_word' id='word_1_484' title='bbox 964 2815 1030 2855; x_wconf 90' lang='lat' dir='ltr'><strong>pg.</strong></span> <span class='ocrx_word' id='word_1_485' title='bbox 1065 2803 1145 2854; x_wconf 85' lang='grc'>15).</span> <span class='ocrx_word' id='word_1_486' title='bbox 1205 2805 1272 2844; x_wconf 88' lang='lat' dir='ltr'><strong>Ita</strong></span> <span class='ocrx_word' id='word_1_487' title='bbox 1307 2804 1429 2844; x_wconf 89' lang='lat' dir='ltr'><strong>misso</strong></span> <span class='ocrx_word' id='word_1_488' title='bbox 1457 2804 1487 2845; x_wconf 84' lang='lat' dir='ltr'><strong>J</strong></span> <span class='ocrx_word' id='word_1_489' title='bbox 1490 2805 1571 2845; x_wconf 88' lang='lat' dir='ltr'><strong>uho</strong></span> <span class='ocrx_word' id='word_1_490' title='bbox 1601 2804 1806 2858; x_wconf 82' lang='lat' dir='ltr'><strong>Genitore,</strong></span> <span class='ocrx_word' id='word_1_491' title='bbox 1841 2805 1911 2855; x_wconf 86' lang='lat' dir='ltr'><strong>qui</strong></span> <span class='ocrx_word' id='word_1_492' title='bbox 1934 2805 2078 2847; x_wconf 81' lang='lat' dir='ltr'><strong>rhetor</strong></span> <span class='ocrx_word' id='word_1_493' title='bbox 2105 2804 2238 2855; x_wconf 79' lang='lat' dir='ltr'><strong>potius</strong></span> <span class='ocrx_word' id='word_1_494' title='bbox 2265 2801 2450 2848; x_wconf 62' lang='lat' dir='ltr'><strong>um.</strong></span> <span class='ocrx_word' id='word_1_495' title='bbox 2478 2834 2495 2851; x_wconf 27' lang='lat'><strong>.—</strong></span> <span class='ocrx_word' id='word_1_496' title='bbox 2522 2851 2528 2857; x_wconf 65' lang='grc'>,</span> 
     </span>
     <span class='ocr_line' id='line_1_40' title="bbox 166 2868 2537 2933; baseline 0.002 -24"><span class='ocrx_word' id='word_1_497' title='bbox 166 2874 270 2920; x_wconf 87' lang='lat' dir='ltr'><strong>erat,</strong></span> <span class='ocrx_word' id='word_1_498' title='bbox 302 2871 372 2923; x_wconf 82' lang='lat' dir='ltr'><strong>(cf.</strong></span> <span class='ocrx_word' id='word_1_499' title='bbox 393 2871 500 2913; x_wconf 80' lang='lat' dir='ltr'><strong>Plin.</strong></span> <span class='ocrx_word' id='word_1_500' title='bbox 524 2876 614 2923; x_wconf 87' lang='lat' dir='ltr'><strong>epp</strong></span> <span class='ocrx_word' id='word_1_501' title='bbox 636 2872 714 2921; x_wconf 89' lang='grc' dir='ltr'><strong>ΠΙ,</strong></span> <span class='ocrx_word' id='word_1_502' title='bbox 746 2875 784 2920; x_wconf 88' lang='lat'><strong>3,</strong></span> <span class='ocrx_word' id='word_1_503' title='bbox 817 2876 839 2912; x_wconf 91' lang='lat'>5</span> <span class='ocrx_word' id='word_1_504' title='bbox 861 2883 941 2922; x_wconf 68' lang='grc'>811.;</span> <span class='ocrx_word' id='word_1_505' title='bbox 971 2871 1066 2921; x_wconf 88' lang='lat' dir='ltr'><strong>VII,</strong></span> <span class='ocrx_word' id='word_1_506' title='bbox 1100 2875 1170 2922; x_wconf 88' lang='lat'><strong>30,</strong></span> <span class='ocrx_word' id='word_1_507' title='bbox 1201 2869 1275 2920; x_wconf 90' lang='lat' dir='ltr'><strong>IX,</strong></span> <span class='ocrx_word' id='word_1_508' title='bbox 1315 2869 1384 2923; x_wconf 77' lang='lat'><strong>17)</strong></span> <span class='ocrx_word' id='word_1_509' title='bbox 1414 2871 1467 2913; x_wconf 87' lang='lat' dir='ltr'><strong>ad</strong></span> <span class='ocrx_word' id='word_1_510' title='bbox 1495 2871 1690 2914; x_wconf 83' lang='lat' dir='ltr'><strong>Titinium</strong></span> <span class='ocrx_word' id='word_1_511' title='bbox 1720 2883 1878 2922; x_wconf 88' lang='lat' dir='ltr'><strong>quoque</strong></span> <span class='ocrx_word' id='word_1_512' title='bbox 1906 2870 2141 2923; x_wconf 71' lang='lat' dir='ltr'><strong>Capitonem</strong></span> <span class='ocrx_word' id='word_1_513' title='bbox 2169 2868 2442 2933; x_wconf 58' lang='lat' dir='ltr'><strong>studileoggm</strong></span> <span class='ocrx_word' id='word_1_514' title='bbox 2533 2908 2537 2913; x_wconf 86' lang='lat'><strong>.</strong></span> 
     </span>
     <span class='ocr_line' id='line_1_41' title="bbox 166 2924 2552 2995; baseline 0 -18"><span class='ocrx_word' id='word_1_515' title='bbox 166 2947 357 2980; x_wconf 83' lang='lat' dir='ltr'><strong>coronam</strong></span> <span class='ocrx_word' id='word_1_516' title='bbox 386 2936 630 2985; x_wconf 83' lang='lat' dir='ltr'><strong>eonfluxisse</strong></span> <span class='ocrx_word' id='word_1_517' title='bbox 649 2942 823 2991; x_wconf 88' lang='lat' dir='ltr'><strong>apparet</strong></span> <span class='ocrx_word' id='word_1_518' title='bbox 844 2938 965 2991; x_wconf 85' lang='lat' dir='ltr'><strong>(Epp</strong></span> <span class='ocrx_word' id='word_1_519' title='bbox 990 2937 1103 2988; x_wconf 89' lang='lat' dir='ltr'><strong>VIII,</strong></span> <span class='ocrx_word' id='word_1_520' title='bbox 1129 2942 1190 2988; x_wconf 82' lang='lat'><strong>12,</strong></span> <span class='ocrx_word' id='word_1_521' title='bbox 1215 2941 1268 2988; x_wconf 89' lang='lat'><strong>1).</strong></span> <span class='ocrx_word' id='word_1_522' title='bbox 1327 2937 1407 2980; x_wconf 87' lang='lat' dir='ltr'><strong>Sed</strong></span> <span class='ocrx_word' id='word_1_523' title='bbox 1427 2938 1529 2980; x_wconf 85' lang='lat' dir='ltr'><strong>haec</strong></span> <span class='ocrx_word' id='word_1_524' title='bbox 1557 2942 1650 2980; x_wconf 89' lang='lat' dir='ltr'><strong>utut</strong></span> <span class='ocrx_word' id='word_1_525' title='bbox 1678 2950 1722 2980; x_wconf 89' lang='lat' dir='ltr'><strong>se</strong></span> <span class='ocrx_word' id='word_1_526' title='bbox 1752 2939 1914 2987; x_wconf 84' lang='lat' dir='ltr'><strong>babent,</strong></span> <span class='ocrx_word' id='word_1_527' title='bbox 1945 2937 2046 2979; x_wconf 84' lang='lat' dir='ltr'><strong>illud</strong></span> <span class='ocrx_word' id='word_1_528' title='bbox 2073 2934 2245 2995; x_wconf 64' lang='lat' dir='ltr'><strong>constat</strong></span> <span class='ocrx_word' id='word_1_529' title='bbox 2252 2987 2257 2991; x_wconf 10' lang='lat' dir='ltr'><strong>g</strong></span> <span class='ocrx_word' id='word_1_530' title='bbox 2274 2924 2486 2989; x_wconf 53' lang='lat' dir='ltr'><strong>b*</strong></span> <span class='ocrx_word' id='word_1_531' title='bbox 2515 2931 2552 2981; x_wconf 78' lang='lat'><strong>,³</strong></span> 
     </span>
    </p>
   </div>
   <div class='ocr_carea' id='block_1_16' title="bbox 2340 2918 2445 2986">
    <p class='ocr_par' dir='ltr' id='par_1_16' title="bbox 2340 2918 2445 2986">
     <span class='ocr_line' id='line_1_42' title="bbox 2340 2918 2445 2986; baseline 0 -36"><span class='ocrx_word' id='word_1_532' title='bbox 2340 2918 2445 2986; x_wconf 95' lang='lat' dir='ltr'><strong>  </strong></span> 
     </span>
    </p>
   </div>
   <div class='ocr_carea' id='block_1_17' title="bbox 153 2986 2476 3089">
    <p class='ocr_par' dir='ltr' id='par_1_17' title="bbox 153 2986 2476 3089">
     <span class='ocr_line' id='line_1_43' title="bbox 153 2986 2476 3089; baseline 0.002 -45.014"><span class='ocrx_word' id='word_1_533' title='bbox 153 3000 291 3045; x_wconf 79' lang='lat' dir='ltr'><strong>verba</strong></span> <span class='ocrx_word' id='word_1_534' title='bbox 324 3004 494 3089; x_wconf 70' lang='lat' dir='ltr'><strong>laudata</strong></span> <span class='ocrx_word' id='word_1_535' title='bbox 521 3005 769 3071; x_wconf 84' lang='lat' dir='ltr'><strong>scripturum</strong></span> <span class='ocrx_word' id='word_1_536' title='bbox 804 3017 884 3047; x_wconf 87' lang='lat' dir='ltr'><strong>non</strong></span> <span class='ocrx_word' id='word_1_537' title='bbox 914 2997 1052 3055; x_wconf 85' lang='lat' dir='ltr'><strong>fuisse,</strong></span> <span class='ocrx_word' id='word_1_538' title='bbox 1091 3006 1138 3056; x_wconf 88' lang='lat' dir='ltr'><strong>si,</strong></span> <span class='ocrx_word' id='word_1_539' title='bbox 1176 3017 1265 3047; x_wconf 86' lang='lat' dir='ltr'><strong>cum</strong></span> <span class='ocrx_word' id='word_1_540' title='bbox 1296 3006 1499 3058; x_wconf 87' lang='lat' dir='ltr'><strong>dialogum</strong></span> <span class='ocrx_word' id='word_1_541' title='bbox 1529 3006 1756 3055; x_wconf 85' lang='lat' dir='ltr'><strong>conficeret,</strong></span> <span class='ocrx_word' id='word_1_542' title='bbox 1796 3004 1914 3046; x_wconf 85' lang='lat' dir='ltr'><strong>multi</strong></span> <span class='ocrx_word' id='word_1_543' title='bbox 1943 3005 2110 3046; x_wconf 80' lang='lat' dir='ltr'><strong>iuvenes</strong></span> <span class='ocrx_word' id='word_1_544' title='bbox 2138 3004 2182 3046; x_wconf 76' lang='lat' dir='ltr'><strong>in·</strong></span> <span class='ocrx_word' id='word_1_545' title='bbox 2210 2986 2376 3074; x_wconf 58' lang='lat' dir='ltr'><strong>ipsum,</strong></span> <span class='ocrx_word' id='word_1_546' title='bbox 2378 2993 2476 3050; x_wconf 68' lang='lat' dir='ltr'><strong>:at</strong></span> 
     </span>
    </p>
   </div>
   <div class='ocr_carea' id='block_1_18' title="bbox 0 3152 500 3339">
    <p class='ocr_par' dir='ltr' id='par_1_18' title="bbox 0 3152 500 3339">
     <span class='ocr_line' id='line_1_44' title="bbox 0 3152 500 3339; baseline 0 0"><span class='ocrx_word' id='word_1_547' title='bbox 0 3152 500 3339; x_wconf 95' lang='lat' dir='ltr'><strong> </strong></span> 
     </span>
    </p>
   </div>
   <div class='ocr_carea' id='block_1_19' title="bbox 357 214 2485 319">
    <p class='ocr_par' dir='ltr' id='par_1_19' title="bbox 357 214 2485 319">
     <span class='ocr_line' id='line_1_45' title="bbox 357 214 2485 319; baseline -0.003 -12"><span class='ocrx_word' id='word_1_548' title='bbox 357 214 1096 316; x_wconf 21' lang='grc' dir='ltr'><strong>δ’“’·””’”ῗ41111111555511551(5111151</strong></span> <span class='ocrx_word' id='word_1_549' title='bbox 1126 272 1189 312; x_wconf 69' lang='lat' dir='ltr'><strong>op.</strong></span> <span class='ocrx_word' id='word_1_550' title='bbox 1221 257 1259 311; x_wconf 93' lang='grc'><strong>5,</strong></span> <span class='ocrx_word' id='word_1_551' title='bbox 1296 271 1356 311; x_wconf 71' lang='lat' dir='ltr'><strong>cp</strong></span> <span class='ocrx_word' id='word_1_552' title='bbox 1389 240 1425 309; x_wconf 91' lang='grc'><strong>5,</strong></span> <span class='ocrx_word' id='word_1_553' title='bbox 1464 273 1527 312; x_wconf 74' lang='lat' dir='ltr'><strong>ep</strong></span> <span class='ocrx_word' id='word_1_554' title='bbox 1561 260 1624 310; x_wconf 74' lang='grc'><strong>15</strong></span> <span class='ocrx_word' id='word_1_555' title='bbox 1653 259 1716 313; x_wconf 86' lang='grc'><strong><em>4).</em></strong></span> <span class='ocrx_word' id='word_1_556' title='bbox 1770 252 2485 319; x_wconf 54' lang='lat' dir='ltr'><strong>amnemamnem-</strong></span> 
     </span>
    </p>
   </div>
   <div class='ocr_carea' id='block_1_20' title="bbox 322 361 2551 453">
    <p class='ocr_par' dir='ltr' id='par_1_20' title="bbox 322 361 2551 453">
     <span class='ocr_line' id='line_1_46' title="bbox 322 361 2551 453; baseline -0.004 -12.913"><span class='ocrx_word' id='word_1_557' title='bbox 322 384 583 445; x_wconf 52' lang='lat' dir='ltr'><strong>affluamus,</strong></span> <span class='ocrx_word' id='word_1_558' title='bbox 613 394 683 446; x_wconf 86' lang='lat' dir='ltr'><strong>qui</strong></span> <span class='ocrx_word' id='word_1_559' title='bbox 711 407 818 436; x_wconf 85' lang='lat' dir='ltr'><strong>anno</strong></span> <span class='ocrx_word' id='word_1_560' title='bbox 849 397 930 436; x_wconf 89' lang='grc'><strong>109</strong></span> <span class='ocrx_word' id='word_1_561' title='bbox 959 393 1069 436; x_wconf 86' lang='lat' dir='ltr'><strong>inter</strong></span> <span class='ocrx_word' id='word_1_562' title='bbox 1097 392 1212 436; x_wconf 87' lang='lat' dir='ltr'><strong>vivos</strong></span> <span class='ocrx_word' id='word_1_563' title='bbox 1241 396 1332 435; x_wconf 86' lang='lat' dir='ltr'><strong>erat</strong></span> <span class='ocrx_word' id='word_1_564' title='bbox 1358 392 1428 444; x_wconf 88' lang='lat' dir='ltr'><strong>(cf.</strong></span> <span class='ocrx_word' id='word_1_565' title='bbox 1458 393 1562 435; x_wconf 91' lang='lat' dir='ltr'><strong>Plin.</strong></span> <span class='ocrx_word' id='word_1_566' title='bbox 1591 393 1686 443; x_wconf 90' lang='lat' dir='ltr'><strong>VII,</strong></span> <span class='ocrx_word' id='word_1_567' title='bbox 1717 387 1770 435; x_wconf 81' lang='grc'><strong>29</strong></span> <span class='ocrx_word' id='word_1_568' title='bbox 1801 397 1844 435; x_wconf 84' lang='lat' dir='ltr'><strong>et</strong></span> <span class='ocrx_word' id='word_1_569' title='bbox 1871 384 1991 449; x_wconf 92' lang='lat' dir='ltr'><strong>VIII-</strong></span> <span class='ocrx_word' id='word_1_570' title='bbox 2003 380 2101 453; x_wconf 55' lang='grc' dir='ltr'><strong>,δὶς</strong></span> <span class='ocrx_word' id='word_1_571' title='bbox 2114 393 2229 437; x_wconf 72' lang='lat' dir='ltr'><strong>trum</strong></span> <span class='ocrx_word' id='word_1_572' title='bbox 2246 389 2434 437; x_wconf 57' lang='lat' dir='ltr'><strong>efflue</strong></span> <span class='ocrx_word' id='word_1_573' title='bbox 2503 361 2505 365; x_wconf 22' lang='grc' dir='ltr'>Ι</span> <span class='ocrx_word' id='word_1_574' title='bbox 2543 367 2551 374; x_wconf 35' lang='lat'><strong>⁸</strong></span> 
     </span>
    </p>
   </div>
   <div class='ocr_carea' id='block_1_21' title="bbox 1986 0 2708 906">
    <p class='ocr_par' dir='ltr' id='par_1_21' title="bbox 1986 0 2708 906">
     <span class='ocr_line' id='line_1_47' title="bbox 1986 0 2708 417; baseline 0 0"><span class='ocrx_word' id='word_1_575' title='bbox 1986 0 2708 417; x_wconf 95' lang='lat' dir='ltr'><strong>  </strong></span> 
     </span>
     <span class='ocr_line' id='line_1_48' title="bbox 2478 417 2708 906; baseline 0 2433"><span class='ocrx_word' id='word_1_576' title='bbox 2478 417 2708 906; x_wconf 95' lang='lat' dir='ltr'><strong> </strong></span> 
     </span>
    </p>
   </div>
   <div class='ocr_carea' id='block_1_22' title="bbox 2692 908 2708 924">
    <p class='ocr_par' dir='ltr' id='par_1_22' title="bbox 2692 908 2708 924">
     <span class='ocr_line' id='line_1_49' title="bbox 2692 908 2708 924; baseline 0 2415"><span class='ocrx_word' id='word_1_577' title='bbox 2692 908 2708 924; x_wconf 95' lang='lat' dir='ltr'><strong> </strong></span> 
     </span>
    </p>
   </div>
   <div class='ocr_carea' id='block_1_23' title="bbox 2675 1637 2708 1916">
    <p class='ocr_par' dir='ltr' id='par_1_23' title="bbox 2675 1473 2708 1916">
     <span class='ocr_line' id='line_1_50' title="bbox 2675 1637 2708 1916; textangle 90"><span class='ocrx_word' id='word_1_578' title='bbox 2675 1744 2708 1916; x_wconf 52' lang='grc' dir='ltr'><strong>(ιῇἰίω</strong></span> <span class='ocrx_word' id='word_1_579' title='bbox 2681 1637 2708 1707; x_wconf 60' lang='grc' dir='ltr'><strong>-ρῐ</strong></span> 
     </span>
    </p>
   </div>
   <div class='ocr_carea' id='block_1_24' title="bbox 2672 1914 2708 2101">
    <p class='ocr_par' dir='ltr' id='par_1_24' title="bbox 2672 1914 2708 2101">
     <span class='ocr_line' id='line_1_51' title="bbox 2672 1914 2708 2101; textangle 90"><span class='ocrx_word' id='word_1_580' title='bbox 2682 2092 2703 2101; x_wconf 60' lang='lat'><strong>¹¹</strong></span> <span class='ocrx_word' id='word_1_581' title='bbox 2695 2073 2701 2083; x_wconf 53' lang='lat'><strong>¹-</strong></span> <span class='ocrx_word' id='word_1_582' title='bbox 2678 2051 2708 2058; x_wconf 33' lang='lat' dir='ltr'><strong>,V</strong></span> <span class='ocrx_word' id='word_1_583' title='bbox 2694 2039 2708 2045; x_wconf 84' lang='grc'>,·</span> <span class='ocrx_word' id='word_1_584' title='bbox 2678 1958 2708 2034; x_wconf 50' lang='grc' dir='ltr'><strong>’.ψίὑὲἶῗ</strong></span> <span class='ocrx_word' id='word_1_585' title='bbox 2701 1947 2708 1953; x_wconf 64' lang='lat' dir='ltr'><em>r</em></span> <span class='ocrx_word' id='word_1_586' title='bbox 2672 1914 2708 1941; x_wconf 28' lang='lat'><strong>,22¹</strong></span> 
     </span>
    </p>
   </div>
   <div class='ocr_carea' id='block_1_25' title="bbox 1987 2344 2708 3339">
    <p class='ocr_par' dir='ltr' id='par_1_25' title="bbox 1987 2344 2708 3339">
     <span class='ocr_line' id='line_1_52' title="bbox 2630 2344 2708 2547; baseline 0 -67"><span class='ocrx_word' id='word_1_587' title='bbox 2630 2344 2708 2547; x_wconf 95' lang='lat' dir='ltr'><strong>   </strong></span> 
     </span>
     <span class='ocr_line' id='line_1_53' title="bbox 2605 2547 2708 2611; baseline 0 728"><span class='ocrx_word' id='word_1_588' title='bbox 2605 2547 2708 2611; x_wconf 95' lang='lat' dir='ltr'><strong> </strong></span> 
     </span>
     <span class='ocr_line' id='line_1_54' title="bbox 2559 2611 2708 2684; baseline 0 655"><span class='ocrx_word' id='word_1_589' title='bbox 2559 2611 2708 2684; x_wconf 95' lang='lat' dir='ltr'><strong> </strong></span> 
     </span>
     <span class='ocr_line' id='line_1_55' title="bbox 2541 2684 2708 2748; baseline 0 591"><span class='ocrx_word' id='word_1_590' title='bbox 2541 2684 2708 2748; x_wconf 95' lang='lat' dir='ltr'><strong> </strong></span> 
     </span>
     <span class='ocr_line' id='line_1_56' title="bbox 2541 2748 2708 2817; baseline 0 522"><span class='ocrx_word' id='word_1_591' title='bbox 2541 2748 2708 2817; x_wconf 95' lang='lat' dir='ltr'><strong> </strong></span> 
     </span>
     <span class='ocr_line' id='line_1_57' title="bbox 2517 2817 2708 2882; baseline 0 457"><span class='ocrx_word' id='word_1_592' title='bbox 2517 2817 2708 2882; x_wconf 95' lang='lat' dir='ltr'><strong> </strong></span> 
     </span>
     <span class='ocr_line' id='line_1_58' title="bbox 2481 2882 2708 2950; baseline 0 389"><span class='ocrx_word' id='word_1_593' title='bbox 2481 2882 2708 2950; x_wconf 95' lang='lat' dir='ltr'><strong> </strong></span> 
     </span>
     <span class='ocr_line' id='line_1_59' title="bbox 1987 2950 2708 3339; baseline 0 0"><span class='ocrx_word' id='word_1_594' title='bbox 1987 2950 2708 3339; x_wconf 95' lang='lat' dir='ltr'><strong>   </strong></span> 
     </span>
    </p>
   </div>
  </div>
 </body>
</html>
