2708 3339
1312 134 1415 175 XIV

218 271 419 310 rectorem
450 268 689 318 studiorum,
722 271 768 308 ut
787 268 1026 318 magistrum
1048 268 1201 308 intueri
1221 268 1387 317 eiusque
1414 267 1570 307 instare
1591 266 1778 317 vestigiis
1808 266 1918 308 soliti
1947 270 2099 309 essent.
2124 281 2131 284 ⁴
2243 324 2246 327 Ι
2505 307 2544 327 ⁴·-

220 339 318 377 ante
350 346 499 376 annum
523 339 602 376 103
634 334 768 376 editus
798 338 874 376 est.
935 333 1025 386 Qua
1054 348 1098 376 re
1128 334 1186 383 fit,
1219 338 1265 375 ut
1294 334 1405 374 intra
1435 347 1584 375 annu-m
1617 339 1668 374 99
1700 338 1741 374 01
1766 339 1845 374 102
1875 335 2087 391 absolutus
2115 335 2433 387 pumicatusque
2461 325 2489 336 '⁷
2526 392 2535 402 ³

421 403 469 443 In
508 414 625 453 quem
656 414 754 443 vero
791 413 927 443 eorum
966 414 1161 443 annorum
1199 402 1348 453 optime
1385 401 1622 443 referendus
1665 402 1731 450 sit,
1770 401 1934 442 tametsi
1970 414 2101 452 neque
2136 402 2307 443 multum
2339 395 2561 471 intense}

221 471 439 511 enucleare
486 483 559 510 nec
603 470 724 510 facile
769 469 1028 519 diiudicatur,
1075 474 1212 510 tamen
1258 481 1307 509 ex
1350 469 1474 510 Plinii
1519 469 1704 520 epistulis
1749 480 1853 510 anno
1896 467 1982 510 fere
2026 469 2247 511 centesimo
2289 481 2403 522 011111
2421 461 2563 515 66εέ“’“>;
2607 521 2623 526 ἡ

219 537 500 589 compositum,
533 538 567 578 si
597 537 715 586 velis,
748 536 911 578 efficere
940 537 1083 588 possis.
1143 539 1246 578 Nam
1278 549 1365 577 cum
1398 537 1712 577 familiarissime
1732 536 1892 577 Plinius
1922 537 2064 577 Tacito
2093 516 2289 587 uteretur,
2321 540 2568 588 quantum-³·
2702 549 2704 551 ’

221 605 400 646 Τ30111111
432 605 560 645 libelli
592 604 823 645 sententiae
854 604 962 655 apud
993 617 1082 644 eum
1103 604 1321 649 valuerint,
1355 605 1394 642 in
1417 604 1601 654 epistulis
1623 605 1800 655 vestigia
1821 603 1979 654 reliqua
1999 615 2091 652 esse
2110 604 2308 646 existimo.
2367 604 2517 657 Itaque
2642 604 2671 639 -’
2694 636 2697 640 s

217 672 328 713 haud
372 671 455 712 scio
498 684 549 712 an
588 675 684 712 ante
714 671 880 713 tertiam
918 671 1084 713 secundi
1115 671 1208 711 libri
1239 671 1452 721 epistulam
1497 671 1682 720 dialogus
1711 685 1785 712 nec
1815 671 2013 712 recita-tus
2043 684 2118 712 nec
2147 672 2188 711 in
2219 673 2349 712 lucem
2379 672 2516 727 editus
2560 695 2564 699 -
2605 683 2608 685 ·

217 740 285 780 sit.
350 740 397 778 In
436 752 485 778 ea
524 740 629 778 enim
661 741 699 787 (ἓ
733 744 754 778 5
788 742 865 788 sq.)
896 739 1056 779 Plinius
1092 738 1235 777 mirum
1268 739 1307 778 in
1345 738 1501 778 modum
1540 738 1805 779 scholasticos
1836 738 1990 787 laudat,
2029 751 2106 788 quo
2134 751 2284 789 genere
2312 738 2515 780 hominum
2528 752 2540 760 ’“
2586 751 2587 754 ’
2616 753 2619 757 ’

224 806 324 847 nihil
354 806 484 855 magis
516 807 607 846 odio
636 806 715 846 suit
744 806 901 853 Tacito,
941 818 1027 845 cum
1061 806 1266 845 scribebat
1297 805 1498 853 dialogum
1531 805 1598 855 (cf.
1632 817 1691 855 cp.
1726 809 1776 844 37,
1809 805 1901 856 sq.).
1961 805 2038 846 Ille
2075 809 2209 846 autem
2239 817 2307 846 eos
2342 806 2515 848 miratur

221 877 267 914 ut
298 873 480 914 sinceros
511 877 554 913 et
585 872 792 923 simplices
823 878 865 912 01
896 873 1065 924 optimos
1097 878 1139 911 et
1169 873 1342 911 scholam
1375 871 1514 910 laudat
1547 877 1587 910 et
1618 872 1862 912 auditorium
1894 877 1936 911 et
1965 872 2099 912 fictam
2131 885 2305 922 causam,
2338 885 2426 913 cum
2448 885 2515 914 res

220 942 275 981 sit
320 941 487 980 inermis
530 944 572 980 et
614 940 780 980 innoxia
821 951 950 989 neque
992 940 1110 989 plena
1149 938 1343 983 malitiae,
1388 943 1430 977 ut
1463 939 1604 985 forum,
1648 951 1723 978 1100
1754 939 1884 979 minus
1914 938 2025 987 felix,
2069 940 2232 991 senibus
2262 943 2512 991 praesertim.

218 1009 321 1048 Nam
362 1008 457 1057 quid
494 1020 585 1048 esse
622 1008 661 1047 in
701 1011 909 1047 senectute
940 1007 1099 1046 felicius
1130 1019 1247 1056 quam
1285 1006 1390 1059 quod
1423 1006 1695 1046 dulcissimum
1729 1006 1769 1045 in
1801 1006 1993 1047 iuventa?
2052 1008 2109 1047 At
2139 1008 2323 1050 Tacitum
2361 1022 2516 1051 summa

220 1075 501 1126 indignatione
531 1075 572 1115 in
613 1075 774 1124 dialogo
815 1074 892 1124 (cp.
928 1078 992 1121 30,
1033 1087 1091 1123 cp.
1126 1080 1174 1111 :33
1207 1074 1322 1121 alibi)
1355 1075 1538 1113 rhetoras
1577 1085 1792 1122 eorumque
1830 1078 1873 1112 et
1909 1086 2039 1114 mores
2070 1078 2112 1114 et
2142 1077 2442 1123 controversias
2471 1083 2515 1119 01

217 1143 437 1190 suasorias,
477 1146 587 1182 totas
625 1141 797 1191 denique
836 1142 1007 1185 scholas,
1053 1146 1096 1181 ut
1139 1141 1255 1181 ludos
1294 1134 1566 1189 iinpudentiae
1603 1141 1911 1189 reprehendisse
1949 1142 2050 1179 satis
2087 1153 2211 1190 supra
2246 1148 2514 1184 monstratum

215 1215 290 1249 est.
352 1211 467 1259 Quae
500 1209 535 1248 31
566 1208 735 1258 legisset
767 1208 937 1255 Plinius,
970 1208 1203 1257 priusquam
1237 1208 1345 1246 illam
1378 1206 1592 1256 epistulam
1624 1206 1679 1257 (2,
1715 1206 1756 1258 3)
1790 1207 1997 1256 scriberet,
2029 1220 2108 1257 qua
2138 1208 2215 1249 fuit
2245 1209 2514 1252 admiratione

214 1276 345 1321 amici,
379 1275 538 1316 cautius
560 1280 604 1314 et
623 1274 822 1324 pudicius,
857 1275 1016 1314 etiamsi
1037 1276 1159 1313 aliter
1181 1275 1386 1320 sensisset,
1420 1275 1516 1322 quid
1546 1274 1632 1322 ipse
1656 1274 1838 1321 sentiret,
1873 1274 2116 1324 scripsisset.
2178 1276 2402 1326 Propterea
2424 1286 2516 1328 post

214 1355 304 1383 eam
336 1342 564 1393 epist-ulam,
597 1353 701 1381 anno
725 1347 775 1380 99
808 1353 895 1381 011111
928 1340 1110 1391 proxime
1142 1341 1196 1380 sit
1227 1341 1396 1390 primam
1421 1341 1587 1380 secundi
1609 1341 1712 1388 libri,
1746 1341 1950 1391 scriptam,
1983 1341 2185 1392 dialogum
2208 1344 2393 1384 emissum
2426 1356 2515 1385 esse

218 1410 373 1460 opinor.
435 1410 594 1460 Quarta
624 1421 720 1449 vero
762 1409 918 1449 decima
954 1409 1131 1448 eiusdem
1165 1408 1292 1447 libelli
1323 1420 1426 1447 anno
1464 1413 1537 1446 100
1570 1408 1621 1446 ad
1652 1408 1869 1448 Maximum
1901 1408 1999 1448 data
2029 1409 2166 1449 multis
2204 1409 2301 1450 locis
2332 1412 2515 1461 opusculi

217 1477 394 1517 Tacitini
417 1477 648 1517 memoriam
670 1482 817 1516 movet.
881 1476 994 1526 Quae
1016 1476 1176 1524 quidem
1198 1488 1302 1515 311110
1329 1480 1404 1514 100
1426 1475 1604 1516 Maximo
1635 1475 1798 1515 reddita
1828 1479 1902 1524 est,
1936 1488 2023 1516 cuni
2052 1481 2244 1526 sequatur
2264 1478 2513 1520 undecimam

215 1551 258 1584 et
289 1545 580 1590 duodecimam,
614 1543 758 1593 quihus
790 1556 914 1583 causa
936 1544 1055 1583 Marii
1078 1543 1207 1582 Prisci
1239 1555 1343 1582 anno
1369 1547 1445 1582 100
1469 1546 1679 1582 transacta
1709 1546 1910 1582 narratur.
1972 1543 2034 1582 Ibi
2066 1544 2193 1583 multa
2223 1544 2331 1585 inter
2360 1552 2511 1586 utrum·

215 1624 292 1661 que
315 1613 541 1651 communia
562 1616 667 1651 suut.
710 1613 770 1650 Ac
792 1611 962 1660 primum
985 1610 1145 1660 quidem
1169 1612 1351 1659 queritur
1368 1609 1536 1657 Plinius,
1561 1610 1664 1659 quod
1683 1610 1964 1660 destringatur
1984 1611 2116 1651 causis
2138 1612 2510 1662 centumviralibus,

218 1679 358 1729 parvis
391 1678 594 1728 plerisque
627 1682 668 1718 et
689 1677 863 1717 exilibus
886 1679 925 1729 (ξ
953 1676 1002 1728 1).
1066 1679 1130 1717 113
1151 1678 1319 1717 Tacitus
1349 1677 1425 1727 (cp.
1452 1682 1513 1718 23⁸.
1551 1683 1619 1726 1ος
1652 1690 1712 1727 cp.
1737 1680 1802 1725 ΞΠ,
1839 1677 1906 1727 15)
1937 1677 2092 1718 11131013
2112 1678 2205 1718 011111
2228 1680 2335 1730 apud
2356 1680 2511 1721 iudices

215 1747 382 1797 negotia
414 1746 597 1785 exerceri
627 1745 749 1785 solita
779 1758 868 1785 esse
909 1745 1128 1791 contendit,
1170 1757 1256 1784 cum
1297 1756 1442 1783 causae
1480 1745 1805 1792 centumvirales,
1843 1757 1945 1794 quae
1982 1745 2061 1785 iam
2099 1746 2270 1795 primum
2301 1747 2513 1788 obtineant

213 1814 358 1861 locum,
397 1813 499 1852 adeo
531 1812 744 1862 splendore
774 1813 943 1852 aliorum
975 1813 1210 1852 iudiciorum
1242 1814 1411 1851 obrutae
1443 1812 1605 1860 fuerint,
1646 1816 1691 1851 ut
1721 1812 1871 1851 nullius
1901 1812 2037 1862 magni
2067 1813 2242 1852 oratoris
2272 1813 2376 1854 liber
2404 1815 2512 1864 apud

213 1880 488 1921 centumviros
544 1880 677 1919 dictus
726 1880 900 1929 legatur.
986 1879 1143 1919 Deinde
1198 1879 1234 1917 in
1288 1878 1612 1918 adulescentulos
1655 1879 1812 1917 Plinius
1853 1878 2091 1918 temerarios
2152 1883 2195 1918 et
2240 1879 2512 1921 irreverentes

212 1947 410 1997 increpat,
444 1958 531 1986 011111
564 1947 708 1995 quibus
738 1945 873 1985 dicere
904 1958 982 1985 11011
1016 1946 1139 1993 iuvet,
1173 1945 1276 1994 quod
1309 1946 1468 1984 obscuri
1496 1945 1704 1994 ignotique
1727 1945 1809 1984 sint
1840 1944 1881 1996 (ξ
1905 1946 1958 1993 2).
2019 1949 2076 1985 At
2096 1947 2273 1986 Hercule
2295 1948 2362 1997 (en
2384 1949 2511 1988 verba

215 2027 239 2054 a
260 2014 406 2054 Tacito
429 2014 554 2052 vicies
585 2013 625 2051 in
657 2013 818 2062 dialogo
850 2012 1085 2063 usurpatai)
1117 2019 1214 2052 ante
1237 2012 1467 2051 memoriam
1501 2024 1611 2052 suam
1646 2024 1694 2051 110
1715 2011 1975 2052 nobilissimis
1997 2012 2154 2061 quidem
2178 2013 2508 2055 adulescentibus

212 2082 342 2121 locuni
373 2081 512 2126 fuisse,
545 2080 622 2120 nisi
645 2080 778 2128 aliquo
801 2080 1005 2119 consulari
1028 2081 1286 2129 producente.
1363 2080 1448 2118 lam
1472 2091 1569 2118 vero
1590 2078 1778 2119 refractis
1798 2078 1963 2128 pudoris
1984 2084 2025 2119 et
2046 2079 2301 2121 reverentiae
2322 2081 2511 2123 claustris

211 2147 347 2188 omnia
378 2151 520 2198 patere
551 2147 748 2193 omnibus,
781 2159 854 2186 nec
884 2146 973 2186 illos
1005 2147 1140 2186 induci
1163 2147 1232 2185 sed
1261 2146 1490 2196 inrumpere
1521 2150 1561 2191 (ξ
1584 2151 1605 2185 3
1630 2152 1671 2185 01
1693 2147 1746 2193 4).
1808 2147 2004 2187 Similiter
2024 2147 2192 2186 Tacitus
2223 2147 2334 2198 (dial.
2358 2160 2418 2198 cp.
2443 2153 2507 2197 30,

210 2227 272 2265 cp.
307 2218 371 2261 34,
413 2226 474 2263 cp.
509 2218 559 2253 35
592 2212 671 2264 sq.)
703 2214 811 2263 apud
848 2214 1019 2253 maiores
1056 2213 1254 2259 iuvenem,
1292 2214 1360 2262 qui
1394 2214 1481 2253 foro
1512 2218 1741 2262 pararetur,
1782 2225 1807 2252 a
1837 2218 1954 2263 patre
1985 2213 2037 2252 ad
2068 2226 2155 2253 eum
2189 2220 2388 2254 oratorem
2419 2227 2509 2256 0330

208 2281 426 2322 (10(1110111111
442 2280 598 2326 scribit,
622 2279 691 2328 qui
707 2280 928 2329 principem
945 2281 984 2320 in
1001 2280 1169 2320 civitate
1190 2281 1279 2320 locu
1288 2293 1324 2319 m
1346 2281 1561 2320 obtineret.
1601 2280 1723 2329 Apud
1738 2291 1827 2320 eum
1843 2284 1885 2319 et
1905 2280 1990 2320 foro
2012 2284 2055 2320 et
2077 2280 2234 2321 iudiciis
2251 2286 2292 2321 et
2308 2281 2509 2324 auditorio

208 2359 368 2398 semper
390 2347 510 2398 pleno
541 2358 631 2387 eum
653 2346 895 2386 assuevisse.
957 2349 1014 2386 At
1035 2347 1118 2386 suis
1148 2348 1392 2396 temporibus
1423 2346 1739 2387 adulescentulis
1770 2347 1821 2386 ad
1853 2348 2038 2387 rhetoras
2070 2347 2254 2388 deductis
2289 2348 2389 2389 nihil
2419 2361 2509 2390 esse

206 2414 476 2461 reverentiae,
510 2413 611 2453 nihil
641 2412 849 2464 profectus
880 2418 922 2453 et
952 2427 987 2462 q.
1022 2427 1079 2462 sq.
1141 2414 1335 2453 ‹Jonferas
1366 2415 1500 2461 etiam,
1533 2426 1635 2463 quae
1667 2413 1745 2465 (cp.
1779 2418 1830 2453 23
1863 2418 1905 2454 01
1937 2413 2008 2464 29)
2038 2414 2088 2454 de
2118 2415 2320 2456 oblivione
2349 2408 2507 2466 antiqui

209 2482 334 2522 moris
365 2487 407 2521 01
428 2481 668 2521 educatione
704 2481 919 2520 liberorum
943 2487 985 2520 et
1007 2480 1055 2519 de
1087 2482 1403 2520 adulescentium
1435 2480 1662 2520 histrionali
1695 2481 1835 2520 favore
1867 2484 1909 2520 et
1938 2480 2208 2531 gladiatorum
2238 2493 2508 2533 equorumque

207 2548 357 2590 studiis
379 2547 654 2599 proferuntur,
678 2548 822 2598 quibus
844 2552 1067 2599 occupatus
1088 2548 1245 2588 animus
1268 2549 1393 2588 locum
1416 2548 1530 2587 bonis
1551 2548 1708 2587 artibus
1729 2560 1808 2587 non
1830 2548 2049 2597 relinquat3
2073 2561 2200 2597 neque
2221 2555 2507 2599 praeceptores

206 2617 425 2666 discipulos
446 2616 670 2655 severitate
689 2615 941 2665 disciplinae,
965 2616 1038 2655 sed
1055 2615 1275 2655 ambitione
1299 2615 1586 2655 salutatimium
1610 2617 1652 2654 et
1673 2614 1872 2654 illecebris
1893 2614 2139 2656 adulationis
2160 2616 2362 2666 colligere.
2404 2617 2504 2657 Tum

206 2683 356 2723 similia
376 2682 538 2723 Plinius
559 2682 661 2722 vitia
689 2683 907 2722 hebetatae
928 2695 976 2722 ac
998 2683 1237 2722 debilitatae
1271 2682 1524 2730 eloquentiae
1556 2685 1678 2730 atque
1700 2681 1866 2721 Tacitus
1895 2682 2103 2732 vituperat
2133 2683 2195 2723 his
2226 2683 2361 2723 verbis
2390 2681 2431 2734 (ξ
2453 2687 2504 2724 12

205 2749 304 2801 sq.):
341 2749 476 2790 Pudet
507 2749 672 2797 referre,
705 2761 808 2798 quae
838 2762 956 2798 quam
989 2750 1122 2788 fracta
1153 2750 1482 2798 pronuntiatione
1513 2749 1713 2795 dicantur,
1747 2748 1891 2797 quibus
1922 2760 2040 2797 quam
2071 2749 2224 2789 teneris
2255 2749 2500 2790 clamoribus

205 2815 477 2865 excipiantur.
539 2815 714 2855 Plausus
745 2819 903 2855 tantum
936 2828 983 2855 30
1014 2816 1148 2865 potius
1180 2816 1265 2854 sola
1287 2815 1470 2865 cymbala
1503 2820 1545 2854 et
1576 2822 1770 2865 tympana
1799 2814 1882 2855 illis
1912 2816 2082 2855 canticis
2112 2816 2270 2856 desunt.
2333 2816 2504 2857 Tacitus

203 2882 306 2922 haec
336 2882 477 2923 habet:
511 2882 589 2933 (cp.
612 2886 679 2930 26,
714 2886 763 2922 10
795 2882 873 2931 sq.)
904 2882 1094 2931 Plerique
1116 2886 1339 2931 temporum
1370 2886 1596 2921 nostrorum
1628 2886 1788 2921 actores
1817 2881 1986 2922 lascivia
2016 2884 2229 2923 verborum
2261 2886 2303 2923 et
2332 2883 2502 2923 levitate
2528 2870 2533 2874 ¹

204 2949 504 2989 sententiarum
536 2954 579 2988 et
608 2949 777 2988 licentia
806 2948 1109 2998 compositionis
1149 2949 1411 2988 histrionales
1447 2948 1584 2987 modos
1620 2948 1861 2998 exprimunt.
1923 2947 2117 2998 Quodque
2154 2948 2223 2989 vix
2261 2949 2403 2989 auditu
2437 2948 2502 2989 fas
2536 2997 2539 3000 Ι

203 3026 297 3055 0330
327 3015 484 3064 01οᾱ33,
531 3015 665 3061 laudis
695 3019 736 3054 et
765 3015 919 3064 gloriae
955 3020 997 3054 et
1033 3016 1186 3066 ingenii
1222 3016 1307 3054 loco
1344 3015 1524 3065 plerique
1561 3015 1714 3054 iactant
1749 3015 1907 3055 cantari
1939 3015 2160 3065 saltarique
2190 3014 2501 3057 commentarios
2564 3013 2569 3018 ’
